method,seed,trial_id,freezing_ratio,learning_rate,dropout_rate,l2_reg,optimizer,batch_size,val_accuracy,test_accuracy,best_epoch,total_epochs,training_time_seconds,from_cache,timestamp
differential_evolution,0,0,0.9,5e-05,0.0,0.001,sgd,32,0.40772533416748047,0.5043103694915771,34,40,94.8,False,2026-05-29T05:15:42.707560
differential_evolution,0,1,0.9,0.001,0.4,0.1,sgd,8,0.8969957232475281,0.8793103694915771,25,36,65.4,False,2026-05-29T05:16:49.026408
differential_evolution,0,2,0.99,1e-05,0.5,0.002,sgd,16,0.32188841700553894,0.2931034564971924,36,40,83.6,False,2026-05-29T05:18:41.755223
differential_evolution,0,3,0.8,0.0001,0.0,0.001,sgd,16,0.6223176121711731,0.6336206793785095,29,40,98.1,False,2026-05-29T06:17:38.238815
differential_evolution,0,4,0.9,0.0001,0.6,0.1,sgd,16,0.6695278882980347,0.6724137663841248,33,40,68.4,False,2026-05-29T06:18:49.870643
differential_evolution,0,5,0.95,0.0001,0.0,0.05,adamw,8,0.9141631126403809,0.8965517282485962,15,26,52.0,False,2026-05-29T06:19:42.822731
differential_evolution,0,6,0.85,0.005,0.6,0.005,adamw,8,0.9356223344802856,0.9181034564971924,22,33,60.3,False,2026-05-29T06:20:44.189935
differential_evolution,0,7,0.9,0.0001,0.3,0.1,adam,16,0.9184549450874329,0.9267241358757019,21,32,61.7,False,2026-05-29T06:21:49.475025
differential_evolution,0,8,0.7,0.001,0.5,0.002,sgd,8,0.9356223344802856,0.9008620977401733,20,31,61.5,False,2026-05-29T06:22:52.090186
differential_evolution,0,9,0.85,1e-05,0.3,0.05,adam,8,0.8240343332290649,0.8232758641242981,29,40,69.0,False,2026-05-29T06:24:02.365507
differential_evolution,0,10,0.7,0.0005,0.2,0.002,adamw,32,0.9227467775344849,0.9525862336158752,15,26,73.7,False,2026-05-29T06:25:19.727879
differential_evolution,0,11,0.9,0.005,0.4,0.01,adamw,8,0.9313304424285889,0.9137930870056152,31,40,67.0,False,2026-05-29T06:26:28.107621
differential_evolution,0,12,0.9,0.0001,0.0,0.02,adam,16,0.9270386099815369,0.9267241358757019,16,27,56.2,False,2026-05-29T06:27:28.409416
differential_evolution,0,13,0.8,0.0005,0.2,0.001,sgd,16,0.8626609444618225,0.892241358757019,19,30,62.2,False,2026-05-29T06:28:34.400239
differential_evolution,0,14,0.9,1e-05,0.6,0.001,adamw,32,0.6351931095123291,0.5818965435028076,31,40,69.4,False,2026-05-29T06:29:47.785107
differential_evolution,0,15,0.95,1e-05,0.2,0.001,sgd,8,0.31330472230911255,0.3232758641242981,34,40,63.2,False,2026-05-29T06:30:52.569695
differential_evolution,0,16,0.99,1e-05,0.2,0.02,adamw,32,0.6180257797241211,0.625,30,40,62.4,False,2026-05-29T06:31:59.137687
differential_evolution,0,17,0.85,1e-05,0.4,0.1,sgd,8,0.3862660825252533,0.35775861144065857,28,39,65.9,False,2026-05-29T06:33:06.761387
differential_evolution,0,18,0.9,1e-05,0.6,0.002,adamw,16,0.7381974458694458,0.7241379022598267,31,40,72.2,False,2026-05-29T06:34:23.155094
differential_evolution,0,19,0.95,1e-05,0.0,0.005,adam,32,0.6566523313522339,0.7198275923728943,24,35,59.8,False,2026-05-29T06:35:27.320407
differential_evolution,0,20,0.8,0.005,0.2,0.001,adamw,16,0.9270386099815369,0.9181034564971924,29,40,77.6,False,2026-05-29T06:36:49.405547
differential_evolution,0,21,0.99,0.0001,0.6,0.1,adamw,32,0.8197425007820129,0.818965494632721,19,30,53.1,False,2026-05-29T06:37:46.932721
differential_evolution,0,22,0.7,0.0005,0.6,0.005,adam,8,0.9313304424285889,0.9137930870056152,11,22,53.6,False,2026-05-29T06:38:42.480469
differential_evolution,0,23,0.7,0.0001,0.3,0.005,adam,16,0.9227467775344848,0.9224137663841248,,,0.0,True,2026-05-29T06:38:42.496519
differential_evolution,0,24,0.8,1e-05,0.6,0.1,adam,32,0.6566523313522339,0.6551724076271057,33,40,72.1,False,2026-05-29T06:39:59.251189
differential_evolution,0,25,0.8,1e-05,0.0,0.05,adam,8,0.8583691120147705,0.8620689511299133,30,40,72.1,False,2026-05-29T06:41:13.573438
differential_evolution,0,26,0.99,1e-05,0.5,0.1,adamw,32,0.6266094446182251,0.5818965435028076,34,40,87.3,False,2026-05-29T06:45:27.732749
differential_evolution,0,27,0.7,0.0005,0.0,0.001,adamw,32,0.9313304424285889,0.9353448152542114,11,22,65.2,False,2026-05-29T06:46:36.181954
differential_evolution,0,28,0.85,5e-05,0.6,0.1,sgd,8,0.6566523313522339,0.6724137663841248,34,40,71.6,False,2026-05-29T06:47:48.731320
differential_evolution,0,29,0.8,0.0005,0.3,0.005,adam,32,0.9399141669273376,0.9353448152542114,,,0.0,True,2026-05-29T06:47:48.739486
differential_evolution,0,30,0.7,0.0005,0.6,0.01,adamw,8,0.9399141669273376,0.943965494632721,24,35,71.4,False,2026-05-29T06:49:01.220831
differential_evolution,0,31,0.99,0.001,0.6,0.1,sgd,32,0.7811158895492554,0.7801724076271057,20,31,53.3,False,2026-05-29T06:49:58.014496
differential_evolution,0,32,0.7,0.005,0.6,0.005,sgd,8,0.9313304424285888,0.943965494632721,,,0.0,True,2026-05-29T06:49:58.024729
differential_evolution,0,33,0.7,0.001,0.6,0.1,sgd,8,0.9184549450874329,0.9181034564971924,14,25,53.6,False,2026-05-29T06:50:52.849554
differential_evolution,0,34,0.9,0.001,0.4,0.01,sgd,8,0.9055793881416321,0.9094827771186829,18,29,52.6,False,2026-05-29T06:51:46.757726
differential_evolution,0,35,0.85,0.001,0.6,0.01,adamw,16,0.9270386099815369,0.892241358757019,6,17,57.4,False,2026-05-29T06:52:47.908369
differential_evolution,0,36,0.85,0.001,0.6,0.02,adam,8,0.9227467775344849,0.9482758641242981,8,19,44.5,False,2026-05-29T06:53:33.823765
differential_evolution,0,37,0.7,0.0005,0.0,0.001,adam,32,0.9184549450874329,0.9224137663841248,11,22,57.1,False,2026-05-29T06:54:34.846732
differential_evolution,0,38,0.95,0.005,0.6,0.01,sgd,8,0.9141631126403809,0.8965517282485962,18,29,50.8,False,2026-05-29T06:55:27.203236
differential_evolution,0,39,0.8,0.001,0.5,0.005,adam,16,0.9442059993743896,0.931034505367279,,,0.0,True,2026-05-29T06:55:27.223284
differential_evolution,0,40,0.95,0.001,0.6,0.01,adamw,16,0.9270386099815369,0.9137930870056152,15,26,53.8,False,2026-05-29T06:56:25.080143
differential_evolution,0,41,0.9,0.0001,0.2,0.02,adamw,16,0.9313304424285889,0.931034505367279,20,31,62.3,False,2026-05-29T06:57:31.417062
differential_evolution,0,42,0.99,0.005,0.6,0.01,sgd,8,0.8755365014076233,0.9137930870056152,24,35,56.0,False,2026-05-29T06:58:29.076334
differential_evolution,0,43,0.7,0.0005,0.6,0.002,adam,16,0.9484978318214417,0.9094827771186829,15,26,66.4,False,2026-05-29T06:59:39.728382
differential_evolution,0,44,0.95,0.005,0.6,0.01,sgd,16,0.9055793881416321,0.892241358757019,17,28,54.6,False,2026-05-29T07:00:38.731926
differential_evolution,0,45,0.7,5e-05,0.6,0.005,adam,8,0.9098712205886841,0.9267241358757019,9,20,51.9,False,2026-05-29T07:01:32.718112
differential_evolution,0,46,0.8,0.0005,0.0,0.005,adamw,8,0.9184549450874329,0.931034505367279,1,12,38.6,False,2026-05-29T07:02:13.330532
differential_evolution,0,47,0.99,0.005,0.6,0.02,sgd,8,0.8497853875160217,0.8706896305084229,2,13,33.1,False,2026-05-29T07:02:48.658089
differential_evolution,0,48,0.7,0.001,0.6,0.01,adamw,8,0.9313304424285888,0.9396551847457886,,,0.0,True,2026-05-29T07:02:48.671030
differential_evolution,0,49,0.99,0.005,0.5,0.02,adam,16,0.8884119987487793,0.9008620977401733,10,21,45.6,False,2026-05-29T07:03:39.047060
differential_evolution,0,50,0.95,0.005,0.6,0.02,adam,8,0.9055793881416321,0.9181034564971924,9,20,41.9,False,2026-05-29T07:04:22.984844
differential_evolution,0,51,0.85,0.001,0.4,0.002,sgd,32,0.8884119987487793,0.8534482717514038,28,39,67.4,False,2026-05-29T07:05:35.226802
differential_evolution,0,52,0.7,0.005,0.6,0.005,adam,16,0.9270386099815369,0.9137930870056152,23,34,74.6,False,2026-05-29T07:06:54.691012
differential_evolution,0,53,0.7,0.0005,0.0,0.001,adam,16,0.9270386099815369,0.9267241358757019,24,35,76.0,False,2026-05-29T07:08:15.640162
differential_evolution,0,54,0.8,0.0005,0.2,0.002,adam,32,0.9098712205886841,0.931034505367279,11,22,53.7,False,2026-05-29T07:09:14.249435
differential_evolution,0,55,0.95,0.005,0.2,0.005,sgd,8,0.9227467775344849,0.892241358757019,19,30,68.5,False,2026-05-29T07:13:06.621063
differential_evolution,0,56,0.8,0.001,0.6,0.002,adam,8,0.9270386099815369,0.9224137663841248,16,27,55.2,False,2026-05-29T07:14:02.663916
differential_evolution,0,57,0.7,0.0005,0.6,0.002,adamw,32,0.9184549450874329,0.9353448152542114,6,17,71.6,False,2026-05-29T07:15:17.637716
differential_evolution,0,58,0.85,0.001,0.4,0.005,adamw,8,0.9399141669273376,0.931034505367279,25,36,63.4,False,2026-05-29T07:16:22.089511
differential_evolution,0,59,0.8,0.001,0.4,0.002,adam,8,0.9270386099815369,0.9267241358757019,19,30,57.7,False,2026-05-29T07:17:20.956704
differential_evolution,0,60,0.99,0.005,0.6,0.02,adamw,8,0.8798283338546753,0.8965517282485962,18,29,49.1,False,2026-05-29T07:18:11.262480
differential_evolution,0,61,0.8,0.001,0.0,0.002,sgd,32,0.8841201663017273,0.8534482717514038,27,38,67.5,False,2026-05-29T07:19:22.237827
differential_evolution,0,62,0.95,0.001,0.6,0.02,adamw,8,0.9270386099815369,0.9094827771186829,9,20,41.8,False,2026-05-29T07:20:05.299537
differential_evolution,0,63,0.85,0.001,0.6,0.01,adamw,16,0.9270386099815368,0.892241358757019,,,0.0,True,2026-05-29T07:20:05.310799
differential_evolution,0,64,0.85,0.005,0.2,0.005,adam,8,0.9184549450874329,0.9094827771186829,23,34,61.4,False,2026-05-29T07:21:08.019049
differential_evolution,0,65,0.7,0.0001,0.6,0.005,adamw,16,0.9184549450874329,0.9137930870056152,9,20,68.4,False,2026-05-29T07:22:20.152795
differential_evolution,0,66,0.8,0.005,0.6,0.005,adamw,8,0.9399141669273376,0.9568965435028076,23,34,64.7,False,2026-05-29T07:23:26.613011
differential_evolution,0,67,0.7,5e-05,0.4,0.001,adam,32,0.9184549450874329,0.8965517282485962,25,36,74.1,False,2026-05-29T07:24:44.646877
differential_evolution,0,68,0.8,0.0005,0.3,0.002,adamw,32,0.9313304424285889,0.9353448152542114,7,18,50.8,False,2026-05-29T07:25:39.632845
differential_evolution,0,69,0.95,0.005,0.6,0.01,sgd,16,0.905579388141632,0.892241358757019,,,0.0,True,2026-05-29T07:25:39.646171
differential_evolution,0,70,0.7,0.0001,0.3,0.001,adam,32,0.9313304424285889,0.9482758641242981,24,35,72.4,False,2026-05-29T07:26:56.338684
differential_evolution,0,71,0.85,0.001,0.6,0.01,sgd,8,0.9098712205886841,0.8836206793785095,9,20,44.2,False,2026-05-29T07:27:42.636998
differential_evolution,0,72,0.7,0.0005,0.2,0.005,sgd,8,0.9141631126403809,0.9051724076271057,26,37,68.7,False,2026-05-29T07:28:53.261661
differential_evolution,0,73,0.8,0.001,0.6,0.05,adamw,8,0.9227467775344849,0.943965494632721,10,21,50.2,False,2026-05-29T07:29:45.616769
differential_evolution,0,74,0.7,5e-05,0.2,0.005,adam,8,0.9141631126403809,0.9181034564971924,9,20,51.3,False,2026-05-29T07:30:39.298391
differential_evolution,0,75,0.9,0.005,0.0,0.002,adam,8,0.9184549450874329,0.8793103694915771,8,19,43.1,False,2026-05-29T07:31:24.536367
differential_evolution,0,76,0.7,0.0005,0.0,0.002,sgd,16,0.8969957232475281,0.8836206793785095,32,40,76.7,False,2026-05-29T07:32:45.945917
differential_evolution,0,77,0.8,0.001,0.6,0.01,adamw,8,0.9227467775344849,0.9396551847457886,16,27,56.6,False,2026-05-29T07:33:45.260862
differential_evolution,0,78,0.99,0.005,0.6,0.05,adamw,8,0.8798283338546753,0.8706896305084229,4,15,35.5,False,2026-05-29T07:34:23.261590
differential_evolution,0,79,0.95,0.005,0.4,0.002,adamw,16,0.9141631126403809,0.8879310488700867,11,22,50.1,False,2026-05-29T07:35:18.382104
differential_evolution,0,80,0.7,0.0005,0.5,0.002,adam,8,0.9356223344802856,0.931034505367279,10,21,52.3,False,2026-05-29T07:36:13.414319
differential_evolution,0,81,0.9,0.001,0.0,0.001,adamw,16,0.9141631126403809,0.9051724076271057,5,16,46.4,False,2026-05-29T07:37:04.702088
differential_evolution,0,82,0.85,0.005,0.3,0.002,adam,8,0.9184549450874329,0.9224137663841248,17,28,72.3,False,2026-05-29T07:41:10.363247
differential_evolution,0,83,0.8,0.005,0.4,0.005,adam,16,0.9270386099815369,0.9181034564971924,16,27,73.6,False,2026-05-29T07:42:27.207708
differential_evolution,0,84,0.95,0.001,0.6,0.02,adamw,8,0.9270386099815368,0.9094827771186828,,,0.0,True,2026-05-29T07:42:27.213446
differential_evolution,0,85,0.9,0.005,0.3,0.005,adamw,8,0.9313304424285889,0.9181034564971924,19,30,55.3,False,2026-05-29T07:43:23.456195
differential_evolution,0,86,0.9,0.005,0.0,0.005,adamw,16,0.9270386099815369,0.892241358757019,15,26,55.5,False,2026-05-29T07:44:22.307804
differential_evolution,0,87,0.8,0.0005,0.6,0.005,adamw,8,0.9184549450874329,0.9137930870056152,9,20,47.5,False,2026-05-29T07:45:10.979189
differential_evolution,0,88,0.95,0.005,0.4,0.01,sgd,8,0.9184549450874329,0.8879310488700867,14,25,46.2,False,2026-05-29T07:45:58.378692
differential_evolution,0,89,0.7,0.0001,0.6,0.002,adam,16,0.9141631126403809,0.9353448152542114,12,23,63.2,False,2026-05-29T07:47:05.275948
differential_evolution,0,90,0.85,0.001,0.6,0.01,adam,8,0.9227467775344849,0.9137930870056152,10,21,46.3,False,2026-05-29T07:47:52.879399
differential_evolution,0,91,0.7,0.0005,0.2,0.01,adam,32,0.9313304424285889,0.9525862336158752,13,24,70.2,False,2026-05-29T07:49:06.960512
differential_evolution,0,92,0.99,0.005,0.5,0.05,sgd,8,0.8669527769088745,0.8836206793785095,19,30,50.3,False,2026-05-29T07:49:58.700362
differential_evolution,0,93,0.85,0.005,0.6,0.01,adamw,16,0.9527897238731384,0.9396551847457886,18,29,61.8,False,2026-05-29T07:51:04.574006
differential_evolution,0,94,0.8,0.001,0.3,0.01,adamw,8,0.9184549450874329,0.9396551847457886,7,18,45.4,False,2026-05-29T07:51:51.664029
differential_evolution,0,95,0.99,0.005,0.3,0.02,sgd,8,0.8755365014076233,0.892241358757019,12,23,42.7,False,2026-05-29T07:52:36.393550
differential_evolution,0,96,0.9,0.005,0.0,0.001,sgd,32,0.9141631126403809,0.9224137663841248,19,30,56.0,False,2026-05-29T07:53:36.582432
differential_evolution,0,97,0.8,0.001,0.4,0.001,adam,32,0.9098712205886841,0.9267241358757019,10,21,53.0,False,2026-05-29T07:54:33.823403
differential_evolution,0,98,0.7,0.001,0.6,0.002,adam,8,0.9356223344802856,0.943965494632721,35,40,76.9,False,2026-05-29T07:55:52.627935
differential_evolution,0,99,0.8,0.001,0.4,0.005,adam,8,0.9141631126403807,0.9353448152542114,,,0.0,True,2026-05-29T07:55:52.650130
differential_evolution,1,0,0.9,0.005,0.0,0.1,adam,16,0.9356223344802856,0.931034505367279,20,31,61.4,False,2026-05-29T07:56:58.464743
differential_evolution,1,1,0.95,0.0001,0.4,0.001,sgd,16,0.6309012770652771,0.642241358757019,30,40,67.5,False,2026-05-29T07:58:10.497815
differential_evolution,1,2,0.8,0.001,0.2,0.01,adam,16,0.9141631126403809,0.9181034564971924,8,19,52.1,False,2026-05-29T07:59:07.414374
differential_evolution,1,3,0.8,5e-05,0.5,0.002,adamw,32,0.9141631126403809,0.8836206793785095,29,40,74.2,False,2026-05-29T08:00:26.535035
differential_evolution,1,4,0.99,0.001,0.4,0.002,adam,32,0.8841201663017273,0.9094827771186829,11,22,45.3,False,2026-05-29T08:01:16.672354
differential_evolution,1,5,0.9,1e-05,0.4,0.05,adamw,32,0.5879828333854675,0.6336206793785095,38,40,70.6,False,2026-05-29T08:02:32.261961
differential_evolution,1,6,0.7,0.0005,0.3,0.001,adamw,32,0.9098712205886841,0.9137930870056152,7,18,57.3,False,2026-05-29T08:03:34.277364
differential_evolution,1,7,0.9,5e-05,0.6,0.01,adamw,32,0.8583691120147705,0.8534482717514038,37,40,70.0,False,2026-05-29T08:04:49.351916
differential_evolution,1,8,0.7,0.001,0.5,0.05,adam,32,0.9141631126403809,0.9094827771186829,6,17,53.1,False,2026-05-29T08:05:47.364912
differential_evolution,1,9,0.8,1e-05,0.6,0.1,sgd,16,0.248927041888237,0.2198275923728943,39,40,98.4,False,2026-05-29T08:09:39.739503
differential_evolution,1,10,0.7,5e-05,0.6,0.01,sgd,16,0.5751072764396667,0.4698275923728943,28,39,77.4,False,2026-05-29T08:11:00.523764
differential_evolution,1,11,0.85,0.001,0.3,0.001,adamw,32,0.9313304424285889,0.9267241358757019,12,23,63.2,False,2026-05-29T08:12:06.991116
differential_evolution,1,12,0.9,0.005,0.3,0.001,adam,32,0.9055793881416321,0.9008620977401733,16,27,54.6,False,2026-05-29T08:13:04.901080
differential_evolution,1,13,0.7,0.005,0.2,0.02,adam,16,0.9399141669273376,0.931034505367279,29,40,81.1,False,2026-05-29T08:14:29.547041
differential_evolution,1,14,0.85,0.0005,0.4,0.1,adamw,32,0.9270386099815369,0.9267241358757019,12,23,53.8,False,2026-05-29T08:15:26.851427
differential_evolution,1,15,0.99,5e-05,0.5,0.002,adamw,32,0.8197425007820129,0.7974137663841248,24,35,58.1,False,2026-05-29T08:16:28.602868
differential_evolution,1,16,0.7,0.005,0.2,0.1,adam,16,0.9356223344802856,0.931034505367279,20,31,70.4,False,2026-05-29T08:17:42.738430
differential_evolution,1,17,0.85,0.0005,0.3,0.1,sgd,8,0.8884119987487793,0.8836206793785095,21,32,62.3,False,2026-05-29T08:18:46.497073
differential_evolution,1,18,0.99,5e-05,0.3,0.02,sgd,16,0.5150214433670044,0.5215517282485962,19,30,54.6,False,2026-05-29T08:19:45.183423
differential_evolution,1,19,0.99,0.0001,0.6,0.02,adamw,16,0.8412017226219177,0.8362069129943848,18,29,54.1,False,2026-05-29T08:20:43.175041
differential_evolution,1,20,0.99,5e-05,0.6,0.1,adamw,16,0.8154506683349609,0.8017241358757019,30,40,65.5,False,2026-05-29T08:21:53.163520
differential_evolution,1,21,0.99,1e-05,0.6,0.001,sgd,32,0.31330472230911255,0.27586206793785095,1,12,35.1,False,2026-05-29T08:22:32.319371
differential_evolution,1,22,0.99,1e-05,0.6,0.01,sgd,8,0.30472102761268616,0.3663793206214905,37,40,62.0,False,2026-05-29T08:23:35.934567
differential_evolution,1,23,0.7,0.005,0.5,0.02,adam,16,0.9356223344802856,0.931034505367279,31,40,81.7,False,2026-05-29T08:25:01.866824
differential_evolution,1,24,0.99,1e-05,0.6,0.02,adamw,8,0.6566523313522339,0.642241358757019,30,40,62.9,False,2026-05-29T08:26:06.559491
differential_evolution,1,25,0.99,0.005,0.3,0.01,adamw,32,0.8540772795677185,0.875,3,14,38.5,False,2026-05-29T08:26:49.519913
differential_evolution,1,26,0.95,0.0001,0.6,0.001,adam,32,0.8798283338546753,0.8793103694915771,26,37,63.4,False,2026-05-29T08:27:57.357999
differential_evolution,1,27,0.85,0.0005,0.4,0.05,adamw,16,0.9399141669273376,0.943965494632721,32,40,75.1,False,2026-05-29T08:29:16.758087
differential_evolution,1,28,0.7,0.005,0.2,0.1,adam,32,0.9012875556945801,0.9224137663841248,25,36,73.6,False,2026-05-29T08:30:34.895346
differential_evolution,1,29,0.9,0.0005,0.2,0.05,adam,16,0.9313304424285889,0.931034505367279,5,16,45.7,False,2026-05-29T08:31:24.979675
differential_evolution,1,30,0.95,0.005,0.3,0.1,adamw,8,0.9184549450874329,0.9267241358757019,33,40,64.5,False,2026-05-29T08:32:31.580188
differential_evolution,1,31,0.9,0.001,0.6,0.001,adamw,32,0.9055793881416321,0.9051724076271057,4,15,45.0,False,2026-05-29T08:33:21.564440
differential_evolution,1,32,0.7,0.005,0.2,0.1,adam,16,0.9356223344802856,0.931034505367279,,,0.0,True,2026-05-29T08:35:53.945714
differential_evolution,1,33,0.7,0.005,0.3,0.01,adam,16,0.9442059993743896,0.9094827771186829,23,34,102.9,False,2026-05-29T08:37:44.198133
differential_evolution,1,34,0.7,0.005,0.0,0.05,adam,16,0.9442059993743896,0.9353448152542114,32,40,79.5,False,2026-05-29T08:39:07.019801
differential_evolution,1,35,0.7,0.005,0.0,0.05,adam,32,0.9141631126403809,0.9137930870056152,20,31,76.3,False,2026-05-29T08:40:26.778701
differential_evolution,1,36,0.99,0.001,0.2,0.01,adamw,32,0.8841201663017273,0.9224137663841248,13,24,47.3,False,2026-05-29T08:41:17.522310
differential_evolution,1,37,0.85,0.005,0.0,0.1,adam,8,0.9484978318214417,0.9224137663841248,22,33,63.7,False,2026-05-29T08:42:22.443277
differential_evolution,1,38,0.7,0.001,0.2,0.1,adam,8,0.9527897238731384,0.943965494632721,23,34,68.5,False,2026-05-29T08:43:32.184856
differential_evolution,1,39,0.9,0.005,0.0,0.1,adam,16,0.9356223344802856,0.931034505367279,,,0.0,True,2026-05-29T08:43:32.196946
differential_evolution,1,40,0.85,0.005,0.0,0.1,adam,16,0.9484978318214417,0.9353448152542114,,,0.0,True,2026-05-29T08:43:32.204862
differential_evolution,1,41,0.7,0.005,0.4,0.1,adam,32,0.9055793881416321,0.8836206793785095,18,29,63.9,False,2026-05-29T08:44:39.872285
differential_evolution,1,42,0.8,0.001,0.2,0.001,adam,32,0.9055793881416321,0.8965517282485962,5,16,46.3,False,2026-05-29T08:45:29.876561
differential_evolution,1,43,0.7,0.005,0.0,0.1,adam,8,0.9442059993743896,0.931034505367279,36,40,75.5,False,2026-05-29T08:46:46.875644
differential_evolution,1,44,0.95,0.001,0.2,0.005,adamw,16,0.9098712205886841,0.9267241358757019,6,17,45.1,False,2026-05-29T08:47:36.335912
differential_evolution,1,45,0.85,0.005,0.0,0.1,adam,8,0.9484978318214417,0.9224137663841248,,,0.0,True,2026-05-29T08:47:36.348628
differential_evolution,1,46,0.7,0.005,0.0,0.02,adamw,16,0.9313304424285889,0.9094827771186829,28,39,81.4,False,2026-05-29T08:49:02.039232
differential_evolution,1,47,0.7,0.005,0.0,0.1,adam,32,0.8540772795677185,0.8620689511299133,8,19,53.3,False,2026-05-29T08:49:59.376811
differential_evolution,1,48,0.9,0.001,0.3,0.002,adamw,32,0.9098712205886841,0.9353448152542114,10,21,50.2,False,2026-05-29T08:50:53.838695
differential_evolution,1,49,0.7,0.005,0.0,0.1,adam,8,0.9442059993743896,0.931034505367279,,,0.0,True,2026-05-29T08:50:53.860054
differential_evolution,1,50,0.85,0.005,0.2,0.02,adam,16,0.9141631126403809,0.9137930870056152,22,33,65.8,False,2026-05-29T08:52:04.019717
differential_evolution,1,51,0.7,0.005,0.5,0.001,adam,16,0.9313304424285889,0.9267241358757019,34,40,81.6,False,2026-05-29T08:53:30.051783
differential_evolution,1,52,0.7,0.005,0.2,0.1,adam,32,0.90128755569458,0.9224137663841248,,,0.0,True,2026-05-29T08:53:30.065651
differential_evolution,1,53,0.8,0.005,0.0,0.1,adam,8,0.9270386099815368,0.931034505367279,,,0.0,True,2026-05-29T08:53:30.066335
differential_evolution,1,54,0.7,0.001,0.0,0.01,adam,16,0.9484978318214417,0.9396551847457886,,,0.0,True,2026-05-29T08:53:30.067009
differential_evolution,1,55,0.7,0.005,0.0,0.05,adam,16,0.9442059993743896,0.9353448152542114,,,0.0,True,2026-05-29T08:53:30.067650
differential_evolution,1,56,0.7,0.001,0.2,0.1,adam,8,0.9527897238731384,0.943965494632721,,,0.0,True,2026-05-29T08:53:30.068198
differential_evolution,1,57,0.7,0.001,0.4,0.001,adam,32,0.9184549450874329,0.8836206793785095,13,24,59.9,False,2026-05-29T08:54:34.964313
differential_evolution,1,58,0.7,0.005,0.2,0.1,adam,8,0.9055793881416321,0.9051724076271057,10,21,52.2,False,2026-05-29T08:55:29.249666
differential_evolution,1,59,0.8,0.005,0.3,0.1,adam,32,0.9184549450874329,0.9224137663841248,21,32,63.9,False,2026-05-29T08:56:37.820329
differential_evolution,1,60,0.85,0.001,0.0,0.002,adam,32,0.9184549450874329,0.9051724076271057,14,25,54.8,False,2026-05-29T08:57:37.276825
differential_evolution,1,61,0.9,0.005,0.2,0.1,adam,32,0.9313304424285889,0.9224137663841248,35,40,67.4,False,2026-05-29T08:58:49.255848
differential_evolution,1,62,0.85,0.005,0.2,0.1,adam,8,0.9399141669273376,0.943965494632721,31,40,69.8,False,2026-05-29T09:00:01.530537
differential_evolution,1,63,0.7,0.005,0.0,0.01,adam,32,0.9270386099815369,0.9396551847457886,25,36,72.6,False,2026-05-29T09:01:18.989781
differential_evolution,1,64,0.7,0.005,0.0,0.1,adam,8,0.9442059993743896,0.931034505367279,,,0.0,True,2026-05-29T09:03:54.172468
differential_evolution,1,65,0.7,0.005,0.2,0.01,adam,16,0.9313304424285888,0.931034505367279,,,0.0,True,2026-05-29T09:03:54.173085
differential_evolution,1,66,0.85,0.005,0.2,0.1,adam,8,0.9399141669273376,0.943965494632721,,,0.0,True,2026-05-29T09:03:54.173625
differential_evolution,1,67,0.8,0.0005,0.3,0.1,adam,8,0.9227467775344849,0.9353448152542114,22,33,79.6,False,2026-05-29T09:05:18.656637
differential_evolution,1,68,0.8,0.005,0.2,0.1,adam,16,0.9442059993743896,0.943965494632721,28,39,87.3,False,2026-05-29T09:06:49.110018
differential_evolution,1,69,0.7,0.001,0.0,0.1,adam,8,0.9399141669273376,0.9137930870056152,14,25,57.8,False,2026-05-29T09:07:47.942440
differential_evolution,1,70,0.8,0.0005,0.3,0.1,adam,8,0.9227467775344849,0.9353448152542114,,,0.0,True,2026-05-29T09:07:47.958370
differential_evolution,1,71,0.7,0.005,0.2,0.1,adam,8,0.905579388141632,0.9051724076271056,,,0.0,True,2026-05-29T09:07:47.959158
differential_evolution,1,72,0.7,0.005,0.0,0.1,adam,8,0.9442059993743896,0.931034505367279,,,0.0,True,2026-05-29T09:07:47.959843
differential_evolution,1,73,0.7,0.0005,0.2,0.01,adam,32,0.9313304424285888,0.9525862336158752,,,0.0,True,2026-05-29T09:07:47.960478
differential_evolution,1,74,0.85,0.005,0.0,0.1,adam,8,0.9484978318214417,0.9224137663841248,,,0.0,True,2026-05-29T09:07:47.961042
differential_evolution,1,75,0.85,0.001,0.0,0.02,adam,8,0.9184549450874329,0.9396551847457886,2,13,36.3,False,2026-05-29T09:08:25.418059
differential_evolution,1,76,0.7,0.005,0.2,0.1,adam,8,0.905579388141632,0.9051724076271056,,,0.0,True,2026-05-29T09:08:25.429977
differential_evolution,1,77,0.8,0.005,0.2,0.1,adam,8,0.9313304424285889,0.931034505367279,23,34,63.4,False,2026-05-29T09:09:29.976606
differential_evolution,1,78,0.8,0.005,0.2,0.001,adam,8,0.9141631126403809,0.8965517282485962,9,20,46.5,False,2026-05-29T09:10:17.742791
differential_evolution,1,79,0.7,0.001,0.4,0.02,adam,8,0.9484978318214417,0.9482758641242981,30,40,76.2,False,2026-05-29T09:11:35.318290
differential_evolution,1,80,0.7,0.0005,0.3,0.002,adam,32,0.9270386099815369,0.9181034564971924,15,26,71.4,False,2026-05-29T09:12:50.411046
differential_evolution,1,81,0.85,0.005,0.0,0.1,adam,8,0.9484978318214417,0.9224137663841248,,,0.0,True,2026-05-29T09:12:50.423716
differential_evolution,1,82,0.7,0.005,0.0,0.1,adam,8,0.9442059993743896,0.931034505367279,,,0.0,True,2026-05-29T09:12:50.431139
differential_evolution,1,83,0.7,0.0005,0.5,0.001,adam,32,0.9270386099815369,0.9353448152542114,13,24,59.3,False,2026-05-29T09:13:53.401005
differential_evolution,1,84,0.7,0.005,0.0,0.1,adam,8,0.9442059993743896,0.931034505367279,,,0.0,True,2026-05-29T09:13:53.415056
differential_evolution,1,85,0.8,0.005,0.0,0.1,adam,8,0.9270386099815368,0.931034505367279,,,0.0,True,2026-05-29T09:13:53.422300
differential_evolution,1,86,0.9,0.005,0.0,0.1,adam,8,0.9184549450874329,0.9051724076271057,17,28,52.1,False,2026-05-29T09:14:47.047805
differential_evolution,1,87,0.85,0.001,0.5,0.1,adam,32,0.9313304424285889,0.943965494632721,10,21,50.9,False,2026-05-29T09:15:42.416606
differential_evolution,1,88,0.7,0.0005,0.6,0.002,adam,16,0.9484978318214417,0.9094827771186828,,,0.0,True,2026-05-29T09:15:42.438664
differential_evolution,1,89,0.8,0.005,0.0,0.02,adam,8,0.9356223344802856,0.9396551847457886,30,40,71.5,False,2026-05-29T09:16:55.701597
differential_evolution,1,90,0.7,0.0005,0.3,0.1,adam,8,0.9484978318214417,0.9224137663841248,13,24,56.4,False,2026-05-29T09:17:53.984032
differential_evolution,1,91,0.7,0.0005,0.6,0.002,adam,8,0.9313304424285889,0.9353448152542114,19,30,64.3,False,2026-05-29T09:19:00.344911
differential_evolution,1,92,0.85,0.005,0.3,0.05,adam,8,0.9313304424285889,0.9224137663841248,17,28,55.8,False,2026-05-29T09:19:58.161753
differential_evolution,1,93,0.7,0.001,0.0,0.05,adam,16,0.9184549450874329,0.9353448152542114,6,17,56.1,False,2026-05-29T09:20:59.142559
differential_evolution,1,94,0.7,0.005,0.3,0.01,adam,16,0.9442059993743896,0.9094827771186828,,,0.0,True,2026-05-29T09:20:59.165836
differential_evolution,1,95,0.7,0.0005,0.2,0.02,adam,8,0.9313304424285889,0.9396551847457886,12,23,56.3,False,2026-05-29T09:21:57.773621
differential_evolution,1,96,0.7,0.001,0.4,0.1,adam,8,0.9227467775344849,0.9137930870056152,5,16,46.5,False,2026-05-29T09:22:46.496883
differential_evolution,1,97,0.7,0.0005,0.5,0.05,adam,8,0.9184549450874329,0.9396551847457886,6,17,47.7,False,2026-05-29T09:23:36.769540
differential_evolution,1,98,0.7,0.005,0.2,0.1,adamw,8,0.8798283338546753,0.9094827771186829,5,16,48.2,False,2026-05-29T09:24:27.282796
differential_evolution,1,99,0.95,0.005,0.4,0.1,adam,8,0.9227467775344849,0.931034505367279,15,26,48.7,False,2026-05-29T09:25:18.445212
differential_evolution,2,0,0.8,5e-05,0.5,0.001,adamw,32,0.8755365014076233,0.8965517282485962,17,28,61.7,False,2026-05-29T09:26:25.607251
differential_evolution,2,1,0.8,1e-05,0.2,0.02,adamw,8,0.8369098901748657,0.8491379022598267,31,40,74.3,False,2026-05-29T09:27:42.671934
differential_evolution,2,2,0.85,0.001,0.3,0.02,sgd,32,0.8497853875160217,0.8448275923728943,27,38,67.1,False,2026-05-29T09:28:55.052812
differential_evolution,2,3,0.85,5e-05,0.3,0.01,sgd,32,0.44635194540023804,0.4698275923728943,33,40,96.0,False,2026-05-29T09:33:37.673515
differential_evolution,2,4,0.8,0.005,0.3,0.02,adam,8,0.9270386099815369,0.943965494632721,37,40,75.0,False,2026-05-29T09:34:53.538744
differential_evolution,2,5,0.8,0.005,0.5,0.05,adamw,16,0.9313304424285889,0.931034505367279,16,27,70.6,False,2026-05-29T09:36:07.476200
differential_evolution,2,6,0.9,0.0005,0.6,0.01,sgd,16,0.8583691120147705,0.8362069129943848,22,33,61.8,False,2026-05-29T09:37:12.771913
differential_evolution,2,7,0.95,0.0001,0.5,0.005,adamw,8,0.9098712205886841,0.9008620977401733,27,38,61.5,False,2026-05-29T09:38:15.399936
differential_evolution,2,8,0.7,1e-05,0.5,0.01,sgd,32,0.22746780514717102,0.15086206793785095,0,11,43.6,False,2026-05-29T09:39:02.377808
differential_evolution,2,9,0.85,0.005,0.4,0.05,adamw,8,0.9227467775344849,0.931034505367279,27,38,66.9,False,2026-05-29T09:40:10.506428
differential_evolution,2,10,0.7,0.005,0.3,0.1,sgd,32,0.9184549450874329,0.9137930870056152,11,22,52.8,False,2026-05-29T09:41:07.144041
differential_evolution,2,11,0.8,0.005,0.4,0.02,adam,8,0.9313304424285889,0.9396551847457886,21,32,61.7,False,2026-05-29T09:42:10.204395
differential_evolution,2,12,0.7,1e-05,0.6,0.02,sgd,32,0.270386278629303,0.26293104887008667,1,12,42.9,False,2026-05-29T09:42:57.155674
differential_evolution,2,13,0.8,0.0005,0.4,0.1,sgd,16,0.8626609444618225,0.8534482717514038,22,33,64.0,False,2026-05-29T09:44:05.211388
differential_evolution,2,14,0.9,0.005,0.5,0.05,sgd,16,0.9227467775344849,0.9094827771186829,11,22,49.9,False,2026-05-29T09:44:59.196849
differential_evolution,2,15,0.9,0.005,0.5,0.01,adamw,16,0.9141631126403807,0.8879310488700867,,,0.0,True,2026-05-29T09:44:59.209017
differential_evolution,2,16,0.95,0.0001,0.4,0.002,sgd,8,0.6952789425849915,0.6982758641242981,28,39,62.8,False,2026-05-29T09:46:03.592266
differential_evolution,2,17,0.95,0.005,0.6,0.01,sgd,32,0.8755365014076233,0.875,24,35,58.9,False,2026-05-29T09:47:06.408252
differential_evolution,2,18,0.99,1e-05,0.3,0.01,sgd,16,0.2575107216835022,0.25,35,40,64.8,False,2026-05-29T09:48:15.252616
differential_evolution,2,19,0.95,5e-05,0.4,0.02,sgd,8,0.6351931095123291,0.607758641242981,34,40,64.1,False,2026-05-29T09:49:21.022881
differential_evolution,2,20,0.85,0.001,0.6,0.01,sgd,16,0.8927038908004761,0.8836206793785095,21,32,62.5,False,2026-05-29T09:50:28.002027
differential_evolution,2,21,0.7,0.005,0.4,0.1,adam,8,0.9184549450874328,0.8965517282485962,,,0.0,True,2026-05-29T09:50:28.024040
differential_evolution,2,22,0.99,1e-05,0.5,0.002,sgd,32,0.19313304126262665,0.1982758641242981,34,40,62.4,False,2026-05-29T09:51:34.742520
differential_evolution,2,23,0.9,0.0005,0.4,0.01,sgd,16,0.8369098901748657,0.8318965435028076,30,40,70.3,False,2026-05-29T09:52:49.557842
differential_evolution,2,24,0.95,1e-05,0.3,0.05,adam,16,0.7124463319778442,0.7413793206214905,36,40,69.2,False,2026-05-29T09:54:03.169801
differential_evolution,2,25,0.85,0.005,0.6,0.002,adamw,8,0.9399141669273376,0.9137930870056152,17,28,55.9,False,2026-05-29T09:55:01.092350
differential_evolution,2,26,0.95,0.0005,0.4,0.005,adam,8,0.9141631126403809,0.9137930870056152,11,22,44.1,False,2026-05-29T09:55:47.275679
differential_evolution,2,27,0.7,0.005,0.0,0.1,adam,8,0.9442059993743896,0.931034505367279,,,0.0,True,2026-05-29T09:55:47.298045
differential_evolution,2,28,0.95,0.0001,0.4,0.01,sgd,32,0.5321888327598572,0.48275861144065857,22,33,57.8,False,2026-05-29T09:56:50.383812
differential_evolution,2,29,0.7,0.005,0.5,0.05,sgd,16,0.9313304424285889,0.9353448152542114,8,19,54.4,False,2026-05-29T09:57:49.609731
differential_evolution,2,30,0.7,0.005,0.3,0.1,adam,8,0.9356223344802856,0.9267241358757019,23,34,86.9,False,2026-05-29T10:01:26.205652
differential_evolution,2,31,0.8,0.005,0.4,0.01,sgd,32,0.9184549450874329,0.9137930870056152,11,22,65.5,False,2026-05-29T10:02:34.998498
differential_evolution,2,32,0.7,0.005,0.3,0.05,sgd,32,0.9184549450874329,0.9267241358757019,21,32,64.6,False,2026-05-29T10:03:43.050898
differential_evolution,2,33,0.85,0.001,0.5,0.01,adam,8,0.9399141669273376,0.9267241358757019,6,17,41.1,False,2026-05-29T10:04:25.254027
differential_evolution,2,34,0.9,0.0005,0.6,0.002,sgd,8,0.8669527769088745,0.857758641242981,17,28,51.1,False,2026-05-29T10:05:17.435289
differential_evolution,2,35,0.8,0.001,0.4,0.05,sgd,32,0.8969957232475281,0.8793103694915771,29,40,69.0,False,2026-05-29T10:06:29.908040
differential_evolution,2,36,0.9,0.005,0.5,0.001,adam,8,0.9184549450874329,0.892241358757019,13,24,48.2,False,2026-05-29T10:07:19.324269
differential_evolution,2,37,0.7,0.005,0.3,0.1,adam,8,0.9356223344802856,0.9267241358757019,,,0.0,True,2026-05-29T10:07:19.335945
differential_evolution,2,38,0.9,0.005,0.6,0.001,adam,8,0.9184549450874329,0.9267241358757019,32,40,66.1,False,2026-05-29T10:08:26.757319
differential_evolution,2,39,0.85,0.005,0.6,0.002,adam,8,0.9270386099815369,0.9267241358757019,33,40,68.1,False,2026-05-29T10:09:36.215950
differential_evolution,2,40,0.7,0.005,0.3,0.05,sgd,16,0.9313304424285889,0.9353448152542114,19,30,74.4,False,2026-05-29T10:10:54.338012
differential_evolution,2,41,0.7,0.005,0.5,0.02,adamw,8,0.9227467775344849,0.9137930870056152,14,25,59.5,False,2026-05-29T10:11:55.394401
differential_evolution,2,42,0.7,0.005,0.0,0.1,sgd,32,0.9270386099815369,0.9353448152542114,21,32,64.2,False,2026-05-29T10:13:03.665026
differential_evolution,2,43,0.95,0.005,0.6,0.001,adam,8,0.8884119987487793,0.8836206793785095,9,20,41.7,False,2026-05-29T10:13:46.988091
differential_evolution,2,44,0.95,0.001,0.6,0.001,adam,8,0.9141631126403809,0.9094827771186829,6,17,39.0,False,2026-05-29T10:14:28.058281
differential_evolution,2,45,0.7,0.001,0.3,0.1,sgd,32,0.8927038908004761,0.8620689511299133,19,30,62.5,False,2026-05-29T10:15:34.658794
differential_evolution,2,46,0.85,0.005,0.4,0.02,adam,8,0.9270386099815368,0.9396551847457886,,,0.0,True,2026-05-29T10:15:34.671612
differential_evolution,2,47,0.9,0.005,0.4,0.002,adamw,8,0.9227467775344849,0.8879310488700867,20,31,57.5,False,2026-05-29T10:16:34.140336
differential_evolution,2,48,0.85,0.005,0.4,0.02,adam,8,0.9270386099815368,0.9396551847457886,,,0.0,True,2026-05-29T10:16:34.153264
differential_evolution,2,49,0.7,0.005,0.4,0.01,adam,16,0.9141631126403809,0.9137930870056152,12,23,62.7,False,2026-05-29T10:17:41.424188
differential_evolution,2,50,0.7,0.005,0.5,0.1,sgd,16,0.9356223344802856,0.9353448152542114,19,30,65.3,False,2026-05-29T10:18:51.206429
differential_evolution,2,51,0.8,0.005,0.6,0.005,adam,16,0.9356223344802856,0.931034505367279,22,33,67.9,False,2026-05-29T10:20:03.867154
differential_evolution,2,52,0.85,0.005,0.4,0.005,adamw,8,0.9356223344802856,0.9094827771186829,31,40,71.0,False,2026-05-29T10:21:17.060257
differential_evolution,2,53,0.9,0.005,0.5,0.002,adamw,8,0.9270386099815369,0.9181034564971924,28,39,66.1,False,2026-05-29T10:22:25.469529
differential_evolution,2,54,0.7,0.005,0.3,0.05,sgd,32,0.9184549450874329,0.9267241358757019,,,0.0,True,2026-05-29T10:22:25.482659
differential_evolution,2,55,0.8,0.005,0.6,0.02,sgd,32,0.9098712205886841,0.9181034564971924,12,23,52.0,False,2026-05-29T10:23:22.125012
differential_evolution,2,56,0.7,0.005,0.3,0.1,sgd,32,0.9184549450874328,0.9137930870056152,,,0.0,True,2026-05-29T10:23:22.138093
differential_evolution,2,57,0.85,0.005,0.6,0.002,adamw,8,0.9399141669273376,0.9137930870056152,,,0.0,True,2026-05-29T10:23:22.138793
differential_evolution,2,58,0.85,0.001,0.6,0.005,adam,32,0.9270386099815369,0.9224137663841248,9,20,50.2,False,2026-05-29T10:24:16.897769
differential_evolution,2,59,0.9,0.001,0.6,0.002,adam,8,0.9141631126403809,0.9267241358757019,8,19,43.3,False,2026-05-29T10:25:02.779748
differential_evolution,2,60,0.95,0.001,0.6,0.001,adam,16,0.9184549450874329,0.9094827771186829,10,21,75.9,False,2026-05-29T10:29:18.078952
differential_evolution,2,61,0.7,0.005,0.2,0.1,adam,16,0.9356223344802856,0.931034505367279,,,0.0,True,2026-05-29T10:29:18.082611
differential_evolution,2,62,0.7,0.005,0.2,0.1,adamw,8,0.8798283338546753,0.9094827771186828,,,0.0,True,2026-05-29T10:29:18.089989
differential_evolution,2,63,0.7,0.005,0.0,0.1,adam,8,0.9442059993743896,0.931034505367279,,,0.0,True,2026-05-29T10:29:18.090590
differential_evolution,2,64,0.7,0.005,0.2,0.1,adam,8,0.905579388141632,0.9051724076271056,,,0.0,True,2026-05-29T10:29:18.091248
differential_evolution,2,65,0.9,0.005,0.3,0.02,adamw,8,0.9356223344802856,0.9353448152542114,31,40,72.4,False,2026-05-29T10:30:31.353450
differential_evolution,2,66,0.7,0.005,0.4,0.1,adam,8,0.9184549450874328,0.8965517282485962,,,0.0,True,2026-05-29T10:30:31.358936
differential_evolution,2,67,0.7,0.005,0.6,0.005,sgd,32,0.9141631126403809,0.9224137663841248,11,22,68.1,False,2026-05-29T10:31:42.591087
differential_evolution,2,68,0.7,0.005,0.6,0.01,sgd,32,0.9270386099815369,0.9181034564971924,18,29,62.6,False,2026-05-29T10:32:48.775261
differential_evolution,2,69,0.85,0.001,0.5,0.05,adam,8,0.9313304424285889,0.9267241358757019,19,30,58.3,False,2026-05-29T10:33:48.221583
differential_evolution,2,70,0.85,0.005,0.4,0.005,adamw,8,0.9356223344802856,0.9094827771186828,,,0.0,True,2026-05-29T10:33:48.239191
differential_evolution,2,71,0.8,0.001,0.3,0.005,adam,16,0.9442059993743896,0.943965494632721,,,0.0,True,2026-05-29T10:33:48.239892
differential_evolution,2,72,0.9,0.001,0.6,0.002,adamw,8,0.9227467775344849,0.931034505367279,13,24,49.1,False,2026-05-29T10:34:38.576476
differential_evolution,2,73,0.7,0.001,0.3,0.1,adam,16,0.9570815563201904,0.9482758641242981,28,39,84.8,False,2026-05-29T10:36:07.145895
differential_evolution,2,74,0.8,0.001,0.3,0.02,adam,16,0.9227467775344848,0.931034505367279,,,0.0,True,2026-05-29T10:36:07.158161
differential_evolution,2,75,0.9,0.005,0.6,0.005,adam,8,0.9270386099815369,0.9051724076271057,27,38,65.7,False,2026-05-29T10:37:14.254313
differential_evolution,2,76,0.8,0.005,0.6,0.002,adam,16,0.9227467775344849,0.931034505367279,28,39,76.5,False,2026-05-29T10:38:34.505561
differential_evolution,2,77,0.7,0.005,0.3,0.1,adam,8,0.9356223344802856,0.926724135875702,,,0.0,True,2026-05-29T10:38:34.517761
differential_evolution,2,78,0.7,0.001,0.6,0.005,adam,16,0.9442059993743896,0.9396551847457886,29,40,83.2,False,2026-05-29T10:40:01.685309
differential_evolution,2,79,0.7,0.005,0.2,0.05,adam,8,0.9141631126403809,0.9094827771186829,26,37,75.5,False,2026-05-29T10:41:19.024825
differential_evolution,2,80,0.8,0.005,0.6,0.1,sgd,16,0.9141631126403809,0.931034505367279,18,29,63.5,False,2026-05-29T10:42:26.854500
differential_evolution,2,81,0.8,0.005,0.5,0.05,adamw,8,0.9184549450874329,0.9094827771186829,12,23,53.4,False,2026-05-29T10:43:21.986096
differential_evolution,2,82,0.8,0.005,0.4,0.02,adam,8,0.9313304424285888,0.9396551847457886,,,0.0,True,2026-05-29T10:43:22.008661
differential_evolution,2,83,0.7,0.005,0.3,0.05,adam,8,0.9356223344802856,0.943965494632721,28,39,78.0,False,2026-05-29T10:44:41.937103
differential_evolution,2,84,0.7,0.001,0.3,0.02,adam,8,0.9484978318214417,0.9353448152542114,30,40,79.4,False,2026-05-29T10:46:03.395477
differential_evolution,2,85,0.9,0.005,0.0,0.02,adam,8,0.9270386099815369,0.8879310488700867,19,30,57.2,False,2026-05-29T10:47:02.511538
differential_evolution,2,86,0.85,0.005,0.4,0.001,sgd,8,0.9313304424285889,0.9353448152542114,33,40,69.3,False,2026-05-29T10:48:13.760635
differential_evolution,2,87,0.7,0.0005,0.4,0.005,adam,16,0.9356223344802856,0.9267241358757019,15,26,66.7,False,2026-05-29T10:49:25.059456
differential_evolution,2,88,0.8,0.005,0.6,0.01,adam,16,0.9484978318214417,0.943965494632721,22,33,70.8,False,2026-05-29T10:50:40.968594
differential_evolution,2,89,0.7,0.005,0.2,0.05,adam,8,0.9141631126403809,0.9094827771186829,,,0.0,True,2026-05-29T10:50:40.996381
differential_evolution,2,90,0.7,0.005,0.5,0.1,adam,8,0.9184549450874329,0.9353448152542114,19,30,66.5,False,2026-05-29T10:51:49.808334
differential_evolution,2,91,0.85,0.005,0.5,0.001,sgd,8,0.9227467775344849,0.9267241358757019,11,22,47.2,False,2026-05-29T10:52:39.614909
differential_evolution,2,92,0.7,0.001,0.4,0.005,adam,8,0.9484978318214417,0.9353448152542114,19,30,66.1,False,2026-05-29T10:53:48.204051
differential_evolution,2,93,0.7,0.005,0.2,0.1,adam,8,0.905579388141632,0.9051724076271056,,,0.0,True,2026-05-29T10:55:54.936674
differential_evolution,2,94,0.95,0.005,0.6,0.001,adamw,16,0.9012875556945801,0.9224137663841248,19,30,643.8,False,2026-05-29T11:06:48.949917
differential_evolution,2,95,0.7,0.001,0.0,0.05,adam,8,0.9356223344802856,0.931034505367279,13,24,506.8,False,2026-05-29T11:15:20.818193
differential_evolution,2,96,0.7,0.001,0.2,0.1,adam,8,0.9527897238731384,0.943965494632721,,,0.0,True,2026-05-29T11:15:20.823826
differential_evolution,2,97,0.8,0.005,0.4,0.1,sgd,8,0.9098712205886841,0.9482758641242981,5,16,321.0,False,2026-05-29T11:29:23.989581
differential_evolution,2,98,0.8,0.005,0.5,0.1,sgd,16,0.9098712205886841,0.9094827771186829,8,19,456.3,False,2026-05-29T11:37:06.701098
differential_evolution,2,99,0.95,0.005,0.6,0.001,sgd,16,0.9012875556945801,0.8965517282485962,16,27,580.6,False,2026-05-29T11:46:53.746083
differential_evolution,3,0,0.7,5e-05,0.5,0.02,adam,16,0.9055793881416321,0.9137930870056152,16,27,687.1,False,2026-05-29T12:03:31.607458
differential_evolution,3,1,0.85,1e-05,0.5,0.001,adamw,16,0.7510729432106018,0.7198275923728943,27,38,875.7,False,2026-05-29T12:18:13.655619
differential_evolution,3,2,0.85,0.0005,0.5,0.1,adam,16,0.9270386099815369,0.9353448152542114,5,16,369.8,False,2026-05-29T12:26:14.477484
differential_evolution,3,3,0.95,5e-05,0.0,0.1,adam,8,0.8969957232475281,0.8793103694915771,22,33,574.2,False,2026-05-29T12:35:53.892004
differential_evolution,3,4,0.99,0.0005,0.3,0.05,adam,32,0.8798283338546753,0.9008620977401732,,,0.0,True,2026-05-29T12:35:53.897001
differential_evolution,3,5,0.85,1e-05,0.4,0.1,adam,16,0.7682403326034546,0.7715517282485962,33,40,933.4,False,2026-05-29T13:03:38.808165
differential_evolution,3,6,0.8,0.001,0.5,0.002,sgd,16,0.8884119987487793,0.9008620977401733,23,34,812.6,False,2026-05-29T13:29:38.446364
differential_evolution,3,7,0.95,0.001,0.3,0.05,sgd,8,0.8669527769088745,0.8448275923728943,33,40,695.4,False,2026-05-29T13:41:19.943749
differential_evolution,3,8,0.99,0.0001,0.3,0.002,sgd,8,0.7510729432106018,0.6982758641242981,37,40,740.3,False,2026-05-29T13:56:25.723100
differential_evolution,3,9,0.99,5e-05,0.4,0.005,adamw,8,0.8240343332290649,0.8448275923728943,18,29,65.2,False,2026-05-29T15:34:43.608053
differential_evolution,3,10,0.8,5e-05,0.5,0.1,adamw,32,0.9012875556945801,0.9008620977401733,22,33,83.1,False,2026-05-29T15:36:09.929293
differential_evolution,3,11,0.85,0.001,0.3,0.1,sgd,8,0.8927038908004761,0.875,11,22,45.2,False,2026-05-29T15:36:56.079499
differential_evolution,3,12,0.99,0.0001,0.0,0.02,sgd,8,0.721030056476593,0.7068965435028076,26,37,57.2,False,2026-05-29T15:37:54.577500
differential_evolution,3,13,0.99,0.0005,0.3,0.01,adam,32,0.8755365014076233,0.9137930870056152,11,22,47.2,False,2026-05-29T15:38:45.366219
differential_evolution,3,14,0.95,1e-05,0.4,0.005,adamw,32,0.6351931095123291,0.6465517282485962,36,40,67.2,False,2026-05-29T15:39:56.182337
differential_evolution,3,15,0.95,0.001,0.6,0.005,sgd,8,0.8884119987487793,0.8836206793785095,20,31,54.4,False,2026-05-29T15:40:51.698556
differential_evolution,3,16,0.99,0.0005,0.6,0.002,adamw,16,0.8798283338546753,0.8879310488700867,11,22,54.2,False,2026-05-29T15:41:49.594539
differential_evolution,3,17,0.99,0.001,0.3,0.1,adam,32,0.8884119987487793,0.9008620977401733,18,29,52.7,False,2026-05-29T15:42:46.143196
differential_evolution,3,18,0.99,0.0001,0.2,0.05,adamw,8,0.8583691120147705,0.8879310488700867,23,34,56.4,False,2026-05-29T15:43:43.903038
differential_evolution,3,19,0.9,0.005,0.4,0.05,adamw,32,0.9055793881416321,0.892241358757019,6,17,47.3,False,2026-05-29T15:44:35.052153
differential_evolution,3,20,0.9,0.005,0.5,0.02,adam,32,0.9227467775344848,0.9137930870056152,,,0.0,True,2026-05-29T15:44:35.072346
differential_evolution,3,21,0.85,0.005,0.5,0.02,sgd,16,0.9184549450874329,0.9267241358757019,17,28,60.5,False,2026-05-29T15:45:39.293319
differential_evolution,3,22,0.7,1e-05,0.5,0.01,adamw,8,0.8497853875160217,0.8232758641242981,35,40,80.5,False,2026-05-29T15:47:01.326403
differential_evolution,3,23,0.85,0.005,0.6,0.1,adam,32,0.9141631126403809,0.8706896305084229,11,22,52.5,False,2026-05-29T15:47:58.265722
differential_evolution,3,24,0.95,0.0001,0.0,0.1,adamw,8,0.9098712205886841,0.9008620977401733,23,34,58.0,False,2026-05-29T15:48:57.975580
differential_evolution,3,25,0.99,0.001,0.3,0.005,adam,32,0.8841201663017273,0.8965517282485962,11,22,46.3,False,2026-05-29T15:49:48.405039
differential_evolution,3,26,0.99,0.0005,0.3,0.1,adamw,8,0.8755365014076233,0.8879310488700867,13,24,44.6,False,2026-05-29T15:50:34.770887
differential_evolution,3,27,0.99,0.005,0.6,0.002,adamw,16,0.8669527769088745,0.8965517282485962,16,27,51.5,False,2026-05-29T15:51:30.386857
differential_evolution,3,28,0.95,0.0001,0.0,0.1,adamw,8,0.9098712205886841,0.9008620977401733,,,0.0,True,2026-05-29T15:51:30.399022
differential_evolution,3,29,0.99,0.001,0.4,0.005,adam,32,0.8798283338546753,0.9008620977401733,11,22,44.3,False,2026-05-29T15:52:18.932866
differential_evolution,3,30,0.99,0.0005,0.0,0.1,adam,8,0.8798283338546753,0.8793103694915771,8,19,38.5,False,2026-05-29T15:52:59.374774
differential_evolution,3,31,0.95,0.005,0.6,0.001,sgd,16,0.90128755569458,0.8965517282485962,,,0.0,True,2026-05-29T15:52:59.391950
differential_evolution,3,32,0.99,5e-05,0.2,0.02,sgd,8,0.6394850015640259,0.6293103694915771,34,40,64.7,False,2026-05-29T15:54:05.986318
differential_evolution,3,33,0.95,5e-05,0.0,0.1,adam,8,0.8969957232475281,0.8793103694915771,,,0.0,True,2026-05-29T15:54:05.999049
differential_evolution,3,34,0.95,0.001,0.3,0.1,adam,32,0.9098712205886841,0.9267241358757019,10,21,46.2,False,2026-05-29T15:54:56.664450
differential_evolution,3,35,0.99,0.0001,0.0,0.1,adam,8,0.8669527769088745,0.8836206793785095,21,32,54.4,False,2026-05-29T15:55:53.292401
differential_evolution,3,36,0.99,0.001,0.6,0.01,sgd,32,0.8068669438362122,0.7758620977401733,18,29,55.5,False,2026-05-29T15:56:54.128529
differential_evolution,3,37,0.99,0.0001,0.0,0.1,adam,16,0.8583691120147705,0.875,27,38,68.9,False,2026-05-29T15:58:08.436717
differential_evolution,3,38,0.85,0.001,0.4,0.001,sgd,8,0.8969957232475281,0.9094827771186829,12,23,51.5,False,2026-05-29T15:59:02.288343
differential_evolution,3,39,0.9,0.005,0.5,0.02,adam,32,0.9227467775344848,0.9137930870056152,,,0.0,True,2026-05-29T16:01:43.531109
differential_evolution,3,40,0.9,0.005,0.4,0.01,sgd,16,0.9270386099815369,0.9353448152542114,14,25,85.4,False,2026-05-29T16:03:16.837365
differential_evolution,3,41,0.95,0.0005,0.3,0.02,sgd,16,0.7854077219963074,0.7801724076271057,21,32,62.1,False,2026-05-29T16:04:22.506199
differential_evolution,3,42,0.95,0.0001,0.0,0.1,adamw,8,0.909871220588684,0.9008620977401732,,,0.0,True,2026-05-29T16:04:22.511852
differential_evolution,3,43,0.99,0.0005,0.0,0.1,adam,16,0.8755365014076233,0.8965517282485962,16,27,54.3,False,2026-05-29T16:05:20.379477
differential_evolution,3,44,0.85,0.0005,0.5,0.1,adam,32,0.9356223344802856,0.9396551847457886,20,31,75.1,False,2026-05-29T16:06:38.848308
differential_evolution,3,45,0.95,0.001,0.2,0.1,adam,16,0.9141631126403809,0.9137930870056152,7,18,44.6,False,2026-05-29T16:07:26.861113
differential_evolution,3,46,0.8,0.005,0.6,0.001,sgd,8,0.9141631126403809,0.9396551847457886,5,16,44.0,False,2026-05-29T16:08:11.963579
differential_evolution,3,47,0.99,0.001,0.3,0.02,adamw,8,0.8884119987487793,0.8965517282485962,5,16,35.4,False,2026-05-29T16:08:48.522034
differential_evolution,3,48,0.9,0.0005,0.0,0.002,sgd,8,0.9012875556945801,0.875,24,35,62.3,False,2026-05-29T16:09:52.047085
differential_evolution,3,49,0.99,0.005,0.6,0.005,sgd,32,0.8540772795677185,0.8663793206214905,19,30,52.1,False,2026-05-29T16:10:48.040734
differential_evolution,3,50,0.85,0.005,0.6,0.05,adamw,32,0.9527897238731384,0.943965494632721,33,40,73.4,False,2026-05-29T16:12:05.709714
differential_evolution,3,51,0.85,0.001,0.5,0.1,adam,32,0.9313304424285888,0.943965494632721,,,0.0,True,2026-05-29T16:12:05.721899
differential_evolution,3,52,0.99,0.0005,0.0,0.1,adam,32,0.8583691120147705,0.9008620977401733,9,20,45.2,False,2026-05-29T16:12:55.563082
differential_evolution,3,53,0.99,0.0001,0.3,0.1,adam,32,0.8111587762832642,0.8405172228813171,18,29,54.6,False,2026-05-29T16:13:54.567137
differential_evolution,3,54,0.7,0.001,0.6,0.02,sgd,16,0.9227467775344849,0.892241358757019,16,27,68.5,False,2026-05-29T16:15:07.414405
differential_evolution,3,55,0.85,0.0005,0.5,0.1,adam,32,0.9356223344802856,0.9396551847457886,,,0.0,True,2026-05-29T16:15:07.428103
differential_evolution,3,56,0.9,0.001,0.5,0.02,adam,32,0.9442059993743896,0.9396551847457886,7,18,47.4,False,2026-05-29T16:15:58.762147
differential_evolution,3,57,0.9,0.0005,0.4,0.05,adamw,16,0.9399141669273376,0.9267241358757019,10,21,51.9,False,2026-05-29T16:16:54.983374
differential_evolution,3,58,0.99,0.0001,0.2,0.1,adam,32,0.8283261656761169,0.8491379022598267,23,34,56.6,False,2026-05-29T16:17:56.383995
differential_evolution,3,59,0.8,0.005,0.6,0.01,sgd,32,0.9227467775344849,0.931034505367279,22,33,65.9,False,2026-05-29T16:19:06.692768
differential_evolution,3,60,0.85,0.001,0.5,0.02,adam,32,0.9227467775344849,0.9396551847457886,17,28,60.3,False,2026-05-29T16:20:12.172820
differential_evolution,3,61,0.9,0.005,0.6,0.05,adam,32,0.9356223344802856,0.9224137663841248,31,40,69.3,False,2026-05-29T16:21:26.363175
differential_evolution,3,62,0.99,1e-05,0.0,0.1,adam,8,0.721030056476593,0.7241379022598267,33,40,63.4,False,2026-05-29T16:22:31.773847
differential_evolution,3,63,0.99,0.0005,0.6,0.02,adamw,8,0.8841201663017273,0.9094827771186829,17,28,52.3,False,2026-05-29T16:23:26.135918
differential_evolution,3,64,0.8,0.001,0.6,0.01,sgd,32,0.8927038908004761,0.8836206793785095,39,40,72.4,False,2026-05-29T16:24:43.474361
differential_evolution,3,65,0.8,0.005,0.6,0.05,adam,32,0.9270386099815369,0.9224137663841248,30,40,72.9,False,2026-05-29T16:26:01.277061
differential_evolution,3,66,0.9,0.001,0.5,0.05,adamw,32,0.9227467775344849,0.9267241358757019,7,18,47.8,False,2026-05-29T16:26:53.854441
differential_evolution,3,67,0.99,0.0001,0.0,0.1,adamw,8,0.8412017226219177,0.8793103694915771,26,37,73.4,False,2026-05-29T16:31:01.455024
differential_evolution,3,68,0.8,0.0005,0.5,0.1,adam,32,0.9141631126403809,0.9224137663841248,12,23,70.9,False,2026-05-29T16:32:15.481886
differential_evolution,3,69,0.95,1e-05,0.0,0.1,adamw,8,0.7896995544433594,0.7931034564971924,35,40,62.8,False,2026-05-29T16:33:19.238290
differential_evolution,3,70,0.9,0.005,0.5,0.1,adam,32,0.9313304424285888,0.9137930870056152,,,0.0,True,2026-05-29T16:33:19.253703
differential_evolution,3,71,0.85,0.005,0.6,0.05,adam,32,0.9227467775344849,0.9267241358757019,21,32,61.1,False,2026-05-29T16:34:23.647808
differential_evolution,3,72,0.85,0.001,0.4,0.05,adam,16,0.9141631126403809,0.9224137663841248,3,14,51.8,False,2026-05-29T16:35:18.825048
differential_evolution,3,73,0.85,0.005,0.5,0.005,sgd,8,0.9098712205886841,0.931034505367279,7,18,42.1,False,2026-05-29T16:36:02.131895
differential_evolution,3,74,0.85,0.005,0.5,0.1,adam,32,0.9227467775344849,0.9224137663841248,23,34,64.5,False,2026-05-29T16:37:10.365407
differential_evolution,3,75,0.95,0.001,0.4,0.1,adam,32,0.9227467775344849,0.9224137663841248,17,28,53.5,False,2026-05-29T16:38:07.679435
differential_evolution,3,76,0.8,0.0005,0.6,0.01,sgd,32,0.8412017226219177,0.806034505367279,38,40,70.6,False,2026-05-29T16:39:22.182196
differential_evolution,3,77,0.85,0.005,0.6,0.05,adamw,32,0.9527897238731384,0.943965494632721,,,0.0,True,2026-05-29T16:39:22.194679
differential_evolution,3,78,0.9,0.001,0.4,0.01,adamw,16,0.9399141669273376,0.9396551847457886,26,37,69.3,False,2026-05-29T16:40:35.487270
differential_evolution,3,79,0.85,0.005,0.6,0.1,adam,32,0.9141631126403807,0.8706896305084229,,,0.0,True,2026-05-29T16:40:35.499120
differential_evolution,3,80,0.7,0.001,0.6,0.02,sgd,32,0.8927038908004761,0.875,32,40,77.2,False,2026-05-29T16:41:56.545566
differential_evolution,3,81,0.9,0.0001,0.3,0.05,adam,16,0.9184549450874329,0.9137930870056152,23,34,66.1,False,2026-05-29T16:43:06.781270
differential_evolution,3,82,0.85,0.001,0.5,0.001,sgd,8,0.9055793881416321,0.931034505367279,23,34,60.9,False,2026-05-29T16:44:09.377464
differential_evolution,3,83,0.9,5e-05,0.4,0.1,adam,32,0.8927038908004761,0.8706896305084229,27,38,70.9,False,2026-05-29T16:45:24.964639
differential_evolution,3,84,0.85,0.0001,0.5,0.1,adam,32,0.9227467775344849,0.931034505367279,17,28,62.9,False,2026-05-29T16:46:32.500965
differential_evolution,3,85,0.8,0.001,0.6,0.02,adamw,32,0.9313304424285889,0.9396551847457886,25,36,72.1,False,2026-05-29T16:47:49.196552
differential_evolution,3,86,0.85,0.0005,0.5,0.02,adamw,16,0.9313304424285889,0.9267241358757019,7,18,51.6,False,2026-05-29T16:48:45.191672
differential_evolution,3,87,0.9,0.005,0.5,0.01,adam,32,0.9442059993743896,0.9051724076271056,,,0.0,True,2026-05-29T16:48:45.205350
differential_evolution,3,88,0.85,0.0005,0.5,0.01,adam,32,0.9098712205886841,0.931034505367279,9,20,54.7,False,2026-05-29T16:49:44.689429
differential_evolution,3,89,0.85,0.001,0.6,0.1,adam,32,0.9356223344802856,0.9353448152542114,22,33,68.0,False,2026-05-29T16:50:57.753900
differential_evolution,3,90,0.85,0.0005,0.5,0.1,adamw,32,0.9313304424285889,0.9396551847457886,20,31,65.3,False,2026-05-29T16:52:07.919157
differential_evolution,3,91,0.85,0.001,0.4,0.01,adamw,8,0.9098712205886841,0.892241358757019,4,15,43.6,False,2026-05-29T16:52:53.965408
differential_evolution,3,92,0.85,0.005,0.6,0.05,adam,32,0.9227467775344849,0.9267241358757019,,,0.0,True,2026-05-29T16:52:53.988216
differential_evolution,3,93,0.9,0.005,0.5,0.1,sgd,16,0.9313304424285889,0.9482758641242981,31,40,73.9,False,2026-05-29T16:54:13.027589
differential_evolution,3,94,0.85,0.0005,0.6,0.1,adam,32,0.9399141669273376,0.9353448152542114,,,0.0,True,2026-05-29T16:54:13.041926
differential_evolution,3,95,0.85,0.005,0.5,0.01,sgd,8,0.9313304424285889,0.9396551847457886,8,19,45.6,False,2026-05-29T16:55:00.981105
differential_evolution,3,96,0.8,5e-05,0.5,0.1,adam,32,0.9055793881416321,0.8965517282485962,30,40,100.0,False,2026-05-29T16:59:30.909914
differential_evolution,3,97,0.9,0.005,0.6,0.05,adam,32,0.9356223344802856,0.9224137663841248,,,0.0,True,2026-05-29T16:59:30.914425
differential_evolution,3,98,0.85,0.005,0.5,0.01,adamw,32,0.9313304424285889,0.9267241358757019,26,37,69.2,False,2026-05-29T17:00:43.957196
differential_evolution,3,99,0.85,0.0001,0.5,0.1,adam,16,0.9227467775344849,0.9267241358757019,25,36,83.4,False,2026-05-29T17:02:11.048578
differential_evolution,4,0,0.99,0.0005,0.6,0.001,adamw,16,0.8841201663017273,0.9094827771186829,23,34,64.0,False,2026-05-29T17:03:19.025859
differential_evolution,4,1,0.95,5e-05,0.6,0.01,sgd,16,0.54935622215271,0.5129310488700867,39,40,72.1,False,2026-05-29T17:04:35.023133
differential_evolution,4,2,0.85,0.001,0.6,0.005,sgd,32,0.8583691120147705,0.8318965435028076,21,32,64.4,False,2026-05-29T17:05:43.396871
differential_evolution,4,3,0.8,0.0005,0.5,0.1,adamw,8,0.9184549450874329,0.9224137663841248,8,19,53.2,False,2026-05-29T17:06:37.955137
differential_evolution,4,4,0.85,0.0001,0.4,0.1,adamw,8,0.9313304424285889,0.9482758641242981,21,32,63.6,False,2026-05-29T17:07:42.980521
differential_evolution,4,5,0.9,0.0005,0.6,0.02,adam,32,0.9227467775344849,0.9353448152542114,9,20,50.1,False,2026-05-29T17:08:36.828569
differential_evolution,4,6,0.85,0.001,0.3,0.002,sgd,32,0.8583691120147705,0.8491379022598267,36,40,71.9,False,2026-05-29T17:09:52.750232
differential_evolution,4,7,0.8,0.0001,0.3,0.002,adam,32,0.909871220588684,0.9224137663841248,,,0.0,True,2026-05-29T17:09:52.770280
differential_evolution,4,8,0.99,0.0001,0.5,0.001,sgd,16,0.6437768340110779,0.625,32,40,69.4,False,2026-05-29T17:11:06.532377
differential_evolution,4,9,0.95,5e-05,0.3,0.005,sgd,16,0.545064389705658,0.5301724076271057,35,40,71.2,False,2026-05-29T17:12:22.389976
differential_evolution,4,10,0.8,0.005,0.4,0.1,adam,32,0.9356223344802856,0.931034505367279,,,0.0,True,2026-05-29T17:12:22.411088
differential_evolution,4,11,0.95,1e-05,0.2,0.001,adam,16,0.7038626670837402,0.7112069129943848,37,40,74.5,False,2026-05-29T17:13:42.899133
differential_evolution,4,12,0.99,0.0001,0.6,0.002,adamw,16,0.8369098901748657,0.8793103694915771,22,33,60.6,False,2026-05-29T17:14:47.630802
differential_evolution,4,13,0.9,0.0005,0.3,0.005,adam,32,0.9270386099815369,0.9353448152542114,21,32,61.6,False,2026-05-29T17:15:53.404131
differential_evolution,4,14,0.95,5e-05,0.6,0.1,sgd,8,0.6008583903312683,0.556034505367279,28,39,66.0,False,2026-05-29T17:17:01.563132
differential_evolution,4,15,0.99,1e-05,0.5,0.002,sgd,8,0.29184550046920776,0.3146551847457886,37,40,64.2,False,2026-05-29T17:18:07.526272
differential_evolution,4,16,0.99,1e-05,0.3,0.001,sgd,8,0.41201716661453247,0.32758620381355286,32,40,63.7,False,2026-05-29T17:19:13.436250
differential_evolution,4,17,0.95,0.0005,0.4,0.001,sgd,8,0.8540772795677185,0.8620689511299133,34,40,70.6,False,2026-05-29T17:20:26.466719
differential_evolution,4,18,0.95,5e-05,0.4,0.002,sgd,16,0.5622317790985107,0.48275861144065857,27,38,68.5,False,2026-05-29T17:21:40.475003
differential_evolution,4,19,0.8,5e-05,0.3,0.05,adam,16,0.8927038908004761,0.9396551847457886,15,26,64.5,False,2026-05-29T17:22:49.983769
differential_evolution,4,20,0.85,0.005,0.6,0.1,sgd,32,0.9141631126403809,0.9267241358757019,22,33,94.9,False,2026-05-29T17:27:26.760226
differential_evolution,4,21,0.95,0.0001,0.3,0.002,sgd,16,0.6566523313522339,0.625,28,39,78.5,False,2026-05-29T17:28:48.765615
differential_evolution,4,22,0.99,1e-05,0.4,0.001,sgd,16,0.32618024945259094,0.3663793206214905,33,40,69.8,False,2026-05-29T17:30:02.461169
differential_evolution,4,23,0.9,0.0001,0.3,0.1,adam,8,0.9313304424285889,0.9181034564971924,9,20,54.7,False,2026-05-29T17:30:58.273468
differential_evolution,4,24,0.7,0.005,0.3,0.1,adamw,32,0.8798283338546753,0.8448275923728943,15,26,71.6,False,2026-05-29T17:32:13.747532
differential_evolution,4,25,0.99,5e-05,0.4,0.002,adam,16,0.8283261656761169,0.8232758641242981,18,29,56.8,False,2026-05-29T17:33:14.953006
differential_evolution,4,26,0.95,0.0005,0.3,0.001,adam,32,0.9012875556945801,0.9137930870056152,15,26,57.2,False,2026-05-29T17:34:16.359621
differential_evolution,4,27,0.8,0.001,0.4,0.1,adam,8,0.9270386099815369,0.9396551847457886,23,34,69.3,False,2026-05-29T17:35:27.265061
differential_evolution,4,28,0.85,0.001,0.5,0.05,sgd,16,0.9012875556945801,0.8965517282485962,16,27,64.4,False,2026-05-29T17:36:35.713407
differential_evolution,4,29,0.8,0.0005,0.4,0.005,adamw,32,0.9184549450874329,0.9224137663841248,9,20,55.8,False,2026-05-29T17:37:35.794133
differential_evolution,4,30,0.9,0.005,0.3,0.1,adam,32,0.9012875556945801,0.9137930870056152,6,17,48.5,False,2026-05-29T17:38:28.932798
differential_evolution,4,31,0.95,0.005,0.5,0.002,adamw,32,0.9012875556945801,0.9181034564971924,13,24,50.2,False,2026-05-29T17:39:23.141136
differential_evolution,4,32,0.9,0.0001,0.3,0.005,adam,16,0.9227467775344849,0.9353448152542114,19,30,63.1,False,2026-05-29T17:40:31.052962
differential_evolution,4,33,0.95,5e-05,0.3,0.02,adamw,8,0.8927038908004761,0.8793103694915771,19,30,58.6,False,2026-05-29T17:41:31.382580
differential_evolution,4,34,0.99,0.0001,0.3,0.02,adam,8,0.8497853875160217,0.8879310488700867,11,22,47.9,False,2026-05-29T17:42:21.762677
differential_evolution,4,35,0.85,0.001,0.4,0.02,adam,32,0.9098712205886841,0.9094827771186829,7,18,52.8,False,2026-05-29T17:43:19.471680
differential_evolution,4,36,0.95,0.0005,0.3,0.02,adam,16,0.9184549450874329,0.9181034564971924,13,24,54.0,False,2026-05-29T17:44:18.094592
differential_evolution,4,37,0.8,0.0005,0.6,0.1,sgd,16,0.8669527769088745,0.8706896305084229,24,35,70.0,False,2026-05-29T17:45:32.822148
differential_evolution,4,38,0.8,0.001,0.5,0.001,sgd,32,0.8755365014076233,0.875,22,33,64.5,False,2026-05-29T17:46:42.268760
differential_evolution,4,39,0.95,1e-05,0.4,0.002,adamw,8,0.7596566677093506,0.75,29,40,70.2,False,2026-05-29T17:47:54.993279
differential_evolution,4,40,0.99,0.005,0.2,0.1,adam,8,0.9098712205886841,0.9224137663841248,20,31,59.3,False,2026-05-29T17:48:56.988470
differential_evolution,4,41,0.8,0.005,0.5,0.1,adam,16,0.9442059993743896,0.931034505367279,24,35,77.7,False,2026-05-29T17:50:20.966655
differential_evolution,4,42,0.85,0.001,0.6,0.1,adam,8,0.9141631126403809,0.943965494632721,5,16,47.1,False,2026-05-29T17:51:10.579773
differential_evolution,4,43,0.85,5e-05,0.0,0.05,adam,8,0.9313304424285889,0.9353448152542114,19,30,78.7,False,2026-05-29T17:55:07.928365
differential_evolution,4,44,0.8,0.0001,0.6,0.1,adamw,16,0.9227467775344849,0.943965494632721,20,31,86.2,False,2026-05-29T17:56:37.604493
differential_evolution,4,45,0.85,0.001,0.5,0.05,sgd,16,0.90128755569458,0.8965517282485962,,,0.0,True,2026-05-29T17:56:37.612335
differential_evolution,4,46,0.7,0.0005,0.5,0.1,adam,32,0.9270386099815369,0.9267241358757019,14,25,79.1,False,2026-05-29T17:58:00.341723
differential_evolution,4,47,0.99,0.001,0.6,0.001,sgd,8,0.8583691120147705,0.8793103694915771,17,28,52.5,False,2026-05-29T17:58:54.094775
differential_evolution,4,48,0.95,0.0001,0.5,0.1,sgd,8,0.733905553817749,0.7025862336158752,29,40,67.5,False,2026-05-29T18:00:02.840154
differential_evolution,4,49,0.85,0.0005,0.2,0.1,adam,8,0.9313304424285888,0.948275864124298,,,0.0,True,2026-05-29T18:00:02.851404
differential_evolution,4,50,0.85,0.001,0.3,0.1,adamw,16,0.9442059993743896,0.9482758641242981,19,30,67.1,False,2026-05-29T18:01:13.558412
differential_evolution,4,51,0.85,0.001,0.5,0.1,adamw,16,0.9399141669273376,0.9353448152542114,4,15,47.7,False,2026-05-29T18:02:05.281308
differential_evolution,4,52,0.7,0.005,0.5,0.1,adam,32,0.9141631126403809,0.9181034564971924,29,40,78.9,False,2026-05-29T18:03:28.119892
differential_evolution,4,53,0.7,0.005,0.4,0.1,adam,8,0.9184549450874328,0.8965517282485962,,,0.0,True,2026-05-29T18:03:28.133502
differential_evolution,4,54,0.85,0.0005,0.4,0.02,adam,16,0.9227467775344849,0.9396551847457886,11,22,54.4,False,2026-05-29T18:04:26.480934
differential_evolution,4,55,0.85,0.005,0.6,0.05,sgd,32,0.9098712205886841,0.9008620977401733,7,18,47.1,False,2026-05-29T18:05:17.660836
differential_evolution,4,56,0.85,0.0001,0.5,0.1,adam,8,0.9313304424285889,0.9267241358757019,20,31,65.0,False,2026-05-29T18:06:24.483344
differential_evolution,4,57,0.9,0.0001,0.5,0.002,sgd,32,0.5751072764396667,0.5129310488700867,33,40,71.0,False,2026-05-29T18:07:39.914491
differential_evolution,4,58,0.85,0.005,0.6,0.02,adam,32,0.9313304424285889,0.9224137663841248,29,40,75.7,False,2026-05-29T18:09:00.600633
differential_evolution,4,59,0.85,0.0005,0.4,0.1,adamw,8,0.9313304424285888,0.943965494632721,,,0.0,True,2026-05-29T18:09:00.615950
differential_evolution,4,60,0.85,5e-05,0.5,0.1,adam,8,0.9098712205886841,0.9396551847457886,24,35,70.8,False,2026-05-29T18:10:13.923906
differential_evolution,4,61,0.9,0.001,0.3,0.1,adam,32,0.9270386099815369,0.9267241358757019,13,24,59.3,False,2026-05-29T18:11:18.714731
differential_evolution,4,62,0.95,5e-05,0.5,0.02,adam,32,0.7939913868904114,0.8491379022598267,28,39,68.8,False,2026-05-29T18:12:32.202564
differential_evolution,4,63,0.9,0.0005,0.5,0.02,adam,32,0.9399141669273376,0.9525862336158752,27,38,72.5,False,2026-05-29T18:13:50.104129
differential_evolution,4,64,0.85,0.005,0.6,0.02,adam,32,0.9313304424285889,0.9224137663841248,,,0.0,True,2026-05-29T18:13:50.127227
differential_evolution,4,65,0.8,0.001,0.4,0.1,adamw,16,0.9399141669273376,0.943965494632721,20,31,77.0,False,2026-05-29T18:15:12.535438
differential_evolution,4,66,0.8,0.005,0.5,0.1,adamw,8,0.9227467775344849,0.9396551847457886,15,26,62.1,False,2026-05-29T18:16:17.320577
differential_evolution,4,67,0.85,0.001,0.4,0.001,adamw,32,0.9270386099815369,0.943965494632721,20,31,68.6,False,2026-05-29T18:17:31.818651
differential_evolution,4,68,0.85,0.001,0.4,0.01,adamw,16,0.9141631126403809,0.9137930870056152,7,18,57.8,False,2026-05-29T18:18:35.009170
differential_evolution,4,69,0.85,0.0005,0.3,0.005,adam,32,0.9313304424285889,0.931034505367279,8,19,54.5,False,2026-05-29T18:19:35.463300
differential_evolution,4,70,0.85,0.001,0.5,0.1,adam,16,0.9442059993743896,0.943965494632721,23,34,99.3,False,2026-05-29T18:23:31.666492
differential_evolution,4,71,0.9,1e-05,0.2,0.001,adam,32,0.6351931095123291,0.642241358757019,37,40,87.0,False,2026-05-29T18:25:02.445074
differential_evolution,4,72,0.85,0.0005,0.4,0.1,adam,8,0.9399141669273376,0.9353448152542114,4,15,48.0,False,2026-05-29T18:25:51.435656
differential_evolution,4,73,0.8,0.001,0.4,0.02,adam,16,0.9356223344802856,0.9353448152542114,21,32,69.9,False,2026-05-29T18:27:05.532653
differential_evolution,4,74,0.85,0.0001,0.4,0.01,adam,8,0.9356223344802856,0.9396551847457886,17,28,61.9,False,2026-05-29T18:28:09.073493
differential_evolution,4,75,0.8,0.005,0.6,0.1,adam,8,0.9141631126403807,0.931034505367279,,,0.0,True,2026-05-29T18:28:09.093616
differential_evolution,4,76,0.9,0.0001,0.4,0.001,adamw,32,0.9184549450874329,0.9267241358757019,27,38,71.3,False,2026-05-29T18:29:24.505909
differential_evolution,4,77,0.85,0.0005,0.6,0.05,adam,16,0.9356223344802856,0.9267241358757019,21,32,69.9,False,2026-05-29T18:30:38.798997
differential_evolution,4,78,0.8,0.005,0.5,0.1,adam,16,0.9442059993743896,0.931034505367279,,,0.0,True,2026-05-29T18:30:38.819919
differential_evolution,4,79,0.9,0.0005,0.3,0.1,adamw,16,0.9356223344802856,0.931034505367279,17,28,65.2,False,2026-05-29T18:31:48.290326
differential_evolution,4,80,0.9,0.0001,0.3,0.1,adam,8,0.9313304424285888,0.9181034564971924,,,0.0,True,2026-05-29T18:31:48.312297
differential_evolution,4,81,0.8,0.0005,0.6,0.1,adam,8,0.9484978318214417,0.9353448152542114,26,37,73.0,False,2026-05-29T18:33:02.783578
differential_evolution,4,82,0.9,0.001,0.6,0.1,adamw,16,0.9484978318214417,0.9396551847457886,17,28,62.4,False,2026-05-29T18:34:10.466894
differential_evolution,4,83,0.8,0.001,0.6,0.1,adam,8,0.9399141669273376,0.9482758641242981,15,26,58.9,False,2026-05-29T18:35:11.231834
differential_evolution,4,84,0.7,0.005,0.4,0.1,adam,16,0.9356223344802856,0.926724135875702,,,0.0,True,2026-05-29T18:35:11.245398
differential_evolution,4,85,0.8,0.0005,0.2,0.05,adamw,8,0.9012875556945801,0.9181034564971924,1,12,42.9,False,2026-05-29T18:35:56.057223
differential_evolution,4,86,0.8,0.005,0.2,0.1,adamw,16,0.9356223344802856,0.931034505367279,14,25,66.0,False,2026-05-29T18:37:07.092703
differential_evolution,4,87,0.85,0.0001,0.4,0.02,adam,16,0.9141631126403809,0.9094827771186829,17,28,67.7,False,2026-05-29T18:38:20.316785
differential_evolution,4,88,0.9,0.0001,0.5,0.005,adam,32,0.9098712205886841,0.9181034564971924,20,31,65.6,False,2026-05-29T18:39:31.288827
differential_evolution,4,89,0.8,0.005,0.5,0.1,adamw,16,0.9442059993743896,0.9267241358757019,19,30,74.0,False,2026-05-29T18:40:50.896607
differential_evolution,4,90,0.8,0.001,0.2,0.02,adam,32,0.9356223344802856,0.9353448152542114,24,35,72.1,False,2026-05-29T18:42:08.069050
differential_evolution,4,91,0.95,0.0001,0.6,0.1,adam,16,0.8927038908004761,0.8965517282485962,19,30,59.6,False,2026-05-29T18:43:12.750794
differential_evolution,4,92,0.8,0.005,0.4,0.1,adamw,32,0.9527897238731384,0.943965494632721,34,40,77.9,False,2026-05-29T18:44:35.624814
differential_evolution,4,93,0.85,0.001,0.4,0.1,adam,32,0.9399141669273376,0.9396551847457886,,,0.0,True,2026-05-29T18:44:35.647305
differential_evolution,4,94,0.8,0.0001,0.4,0.1,adamw,32,0.9098712205886841,0.8663793206214905,8,19,57.3,False,2026-05-29T18:45:38.626163
differential_evolution,4,95,0.85,0.0001,0.6,0.01,adam,16,0.9184549450874329,0.931034505367279,17,28,69.1,False,2026-05-29T18:46:54.257006
differential_evolution,4,96,0.85,0.005,0.6,0.05,adam,32,0.9227467775344848,0.926724135875702,,,0.0,True,2026-05-29T18:49:44.754815
differential_evolution,4,97,0.8,0.0005,0.6,0.1,adam,8,0.9484978318214417,0.9353448152542114,,,0.0,True,2026-05-29T18:49:44.755691
differential_evolution,4,98,0.85,0.0005,0.5,0.1,adamw,8,0.9356223344802856,0.9353448152542114,16,27,76.8,False,2026-05-29T18:51:06.567943
differential_evolution,4,99,0.7,0.005,0.4,0.05,adam,16,0.9313304424285889,0.9224137663841248,22,33,94.2,False,2026-05-29T18:52:44.462768
