method,seed,trial_id,freezing_ratio,learning_rate,dropout_rate,l2_reg,optimizer,batch_size,val_accuracy,test_accuracy,best_epoch,total_epochs,training_time_seconds,from_cache,timestamp
ant_colony_optimisation,0,0,0.9,0.001,0.4,0.1,sgd,8,0.8969957232475281,0.8793103694915771,,,0.0,True,2026-05-30T01:33:24.086683
ant_colony_optimisation,0,1,0.99,1e-05,0.5,0.002,sgd,16,0.3218884170055389,0.2931034564971924,,,0.0,True,2026-05-30T01:33:24.087482
ant_colony_optimisation,0,2,0.8,0.0001,0.0,0.001,sgd,16,0.6223176121711731,0.6336206793785095,,,0.0,True,2026-05-30T01:33:24.088127
ant_colony_optimisation,0,3,0.9,0.0001,0.6,0.1,sgd,16,0.6695278882980347,0.6724137663841248,,,0.0,True,2026-05-30T01:33:24.088731
ant_colony_optimisation,0,4,0.95,0.0001,0.0,0.05,adamw,8,0.9141631126403807,0.8965517282485962,,,0.0,True,2026-05-30T01:33:24.089318
ant_colony_optimisation,0,5,0.85,0.005,0.6,0.005,adamw,8,0.9356223344802856,0.9181034564971924,,,0.0,True,2026-05-30T01:33:24.089963
ant_colony_optimisation,0,6,0.9,0.0001,0.3,0.1,adam,16,0.9184549450874328,0.926724135875702,,,0.0,True,2026-05-30T01:33:24.090596
ant_colony_optimisation,0,7,0.7,0.001,0.5,0.002,sgd,8,0.9356223344802856,0.9008620977401732,,,0.0,True,2026-05-30T01:33:24.091187
ant_colony_optimisation,0,8,0.85,1e-05,0.3,0.05,adam,8,0.8240343332290649,0.8232758641242981,,,0.0,True,2026-05-30T01:33:24.091804
ant_colony_optimisation,0,9,0.85,5e-05,0.0,0.02,adam,32,0.8927038908004761,0.892241358757019,,,0.0,True,2026-05-30T01:33:24.092437
ant_colony_optimisation,0,10,0.8,0.005,0.3,0.001,adamw,32,0.9098712205886841,0.9137930870056152,25,36,98.6,False,2026-05-30T01:35:10.657011
ant_colony_optimisation,0,11,0.85,0.005,0.4,0.005,adamw,32,0.9270386099815369,0.931034505367279,35,40,71.7,False,2026-05-30T01:36:25.789608
ant_colony_optimisation,0,12,0.99,0.0001,0.5,0.01,adamw,32,0.8111587762832642,0.8405172228813171,33,40,64.5,False,2026-05-30T01:37:34.334658
ant_colony_optimisation,0,13,0.85,0.001,0.5,0.1,adam,32,0.9313304424285888,0.943965494632721,,,0.0,True,2026-05-30T01:38:11.115429
ant_colony_optimisation,0,14,0.99,0.005,0.0,0.1,sgd,32,0.8412017226219177,0.8534482717514038,19,30,75.2,False,2026-05-30T01:39:32.150064
ant_colony_optimisation,0,15,0.7,0.005,0.6,0.05,adamw,8,0.9270386099815368,0.9181034564971924,,,0.0,True,2026-05-30T01:39:32.153753
ant_colony_optimisation,0,16,0.95,0.005,0.2,0.01,adamw,32,0.9141631126403809,0.8965517282485962,11,22,52.9,False,2026-05-30T01:40:28.554238
ant_colony_optimisation,0,17,0.7,0.001,0.4,0.001,sgd,8,0.9184549450874328,0.9137930870056152,,,0.0,True,2026-05-30T05:59:12.342482
ant_colony_optimisation,0,18,0.95,0.0005,0.6,0.001,sgd,8,0.832617998123169,0.8362069129943848,30,40,77.0,False,2026-05-30T06:00:32.604534
ant_colony_optimisation,0,19,0.85,0.0001,0.6,0.01,adam,8,0.9141631126403809,0.9396551847457886,18,29,55.9,False,2026-05-30T06:01:29.320254
ant_colony_optimisation,0,20,0.99,5e-05,0.0,0.005,adamw,16,0.8283261656761169,0.8620689511299133,25,36,70.2,False,2026-05-30T06:02:42.838084
ant_colony_optimisation,0,21,0.95,0.0005,0.2,0.005,sgd,16,0.8025751113891602,0.7844827771186829,19,30,56.8,False,2026-05-30T06:03:42.852338
ant_colony_optimisation,0,22,0.99,0.0001,0.4,0.02,sgd,8,0.725321888923645,0.7155172228813171,25,36,55.8,False,2026-05-30T06:04:39.732555
ant_colony_optimisation,0,23,0.85,0.005,0.0,0.05,adamw,32,0.9484978318214417,0.9353448152542114,23,34,73.4,False,2026-05-30T06:05:56.476818
ant_colony_optimisation,0,24,0.7,0.0001,0.0,0.02,adam,32,0.9184549450874329,0.943965494632721,28,39,76.4,False,2026-05-30T06:07:16.503085
ant_colony_optimisation,0,25,0.99,1e-05,0.6,0.001,adamw,16,0.557939887046814,0.6120689511299133,37,40,64.5,False,2026-05-30T06:08:24.715734
ant_colony_optimisation,0,26,0.85,0.005,0.5,0.005,adam,32,0.9227467775344849,0.9224137663841248,28,39,68.1,False,2026-05-30T06:09:36.428355
ant_colony_optimisation,0,27,0.99,0.0005,0.3,0.1,adam,8,0.8884119987487793,0.892241358757019,12,23,42.4,False,2026-05-30T06:10:20.171559
ant_colony_optimisation,0,28,0.99,0.001,0.5,0.1,sgd,32,0.8068669438362122,0.7758620977401733,25,36,57.3,False,2026-05-30T06:11:21.124267
ant_colony_optimisation,0,29,0.99,5e-05,0.0,0.02,sgd,8,0.6695278882980347,0.6206896305084229,33,40,60.8,False,2026-05-30T06:12:23.342920
ant_colony_optimisation,0,30,0.85,0.005,0.4,0.02,adam,16,0.9270386099815368,0.9181034564971924,,,0.0,True,2026-05-30T06:12:23.362129
ant_colony_optimisation,0,31,0.9,1e-05,0.6,0.02,adam,32,0.6609442234039307,0.681034505367279,28,39,66.5,False,2026-05-30T06:13:33.662054
ant_colony_optimisation,0,32,0.99,0.0005,0.2,0.002,adamw,8,0.8755365014076233,0.9008620977401733,7,18,37.7,False,2026-05-30T06:14:12.892399
ant_colony_optimisation,0,33,0.9,0.0005,0.6,0.001,adamw,32,0.9356223344802856,0.9224137663841248,29,40,67.6,False,2026-05-30T06:15:24.439465
ant_colony_optimisation,0,34,0.8,0.0001,0.0,0.05,adam,16,0.9055793881416321,0.9482758641242981,15,26,59.1,False,2026-05-30T06:16:27.542133
ant_colony_optimisation,0,35,0.99,0.0001,0.6,0.05,sgd,8,0.6952789425849915,0.6724137663841248,24,35,55.3,False,2026-05-30T06:17:24.568151
ant_colony_optimisation,0,36,0.7,1e-05,0.6,0.02,adamw,8,0.8197425007820129,0.7974137663841248,27,38,75.5,False,2026-05-30T06:18:41.908493
ant_colony_optimisation,0,37,0.9,5e-05,0.5,0.01,adamw,32,0.8497853875160217,0.8534482717514038,,,0.0,True,2026-05-30T06:18:41.930231
ant_colony_optimisation,0,38,0.7,0.0005,0.2,0.05,adamw,32,0.9227467775344849,0.9181034564971924,8,19,55.6,False,2026-05-30T06:19:42.061888
ant_colony_optimisation,0,39,0.8,0.005,0.5,0.01,sgd,16,0.9227467775344848,0.9353448152542114,,,0.0,True,2026-05-30T06:19:42.076738
ant_colony_optimisation,0,40,0.9,0.005,0.0,0.05,adamw,16,0.9184549450874329,0.9051724076271057,20,31,60.7,False,2026-05-30T06:20:47.130593
ant_colony_optimisation,0,41,0.99,0.001,0.3,0.01,sgd,8,0.8412017226219177,0.8706896305084229,24,35,56.2,False,2026-05-30T06:21:45.339204
ant_colony_optimisation,0,42,0.95,0.005,0.5,0.005,sgd,8,0.9227467775344849,0.9181034564971924,24,35,57.1,False,2026-05-30T06:22:44.448176
ant_colony_optimisation,0,43,0.85,0.0001,0.4,0.001,adamw,8,0.9313304424285889,0.9482758641242981,24,35,63.6,False,2026-05-30T06:23:50.189719
ant_colony_optimisation,0,44,0.95,0.005,0.0,0.05,sgd,32,0.8712446093559265,0.8491379022598267,22,33,55.8,False,2026-05-30T06:24:50.466743
ant_colony_optimisation,0,45,0.99,0.0001,0.6,0.1,adamw,32,0.8197425007820129,0.818965494632721,,,0.0,True,2026-05-30T06:27:12.581883
ant_colony_optimisation,0,46,0.99,0.0005,0.6,0.05,adam,32,0.8626609444618225,0.8836206793785095,24,35,79.5,False,2026-05-30T06:28:38.548750
ant_colony_optimisation,0,47,0.9,1e-05,0.3,0.001,adamw,16,0.6995708346366882,0.6896551847457886,33,40,80.8,False,2026-05-30T06:30:02.542672
ant_colony_optimisation,0,48,0.85,0.0005,0.0,0.1,adamw,32,0.9227467775344849,0.931034505367279,14,25,56.9,False,2026-05-30T06:31:02.597578
ant_colony_optimisation,0,49,0.99,0.0005,0.0,0.05,adamw,32,0.8755365014076233,0.8965517282485962,21,32,53.4,False,2026-05-30T06:31:59.619208
ant_colony_optimisation,0,50,0.9,0.005,0.6,0.005,adam,16,0.9227467775344848,0.931034505367279,,,0.0,True,2026-05-30T06:31:59.628715
ant_colony_optimisation,0,51,0.95,0.0001,0.4,0.001,sgd,8,0.6909871101379395,0.693965494632721,29,40,67.0,False,2026-05-30T06:33:07.716230
ant_colony_optimisation,0,52,0.8,0.005,0.4,0.01,sgd,8,0.9184549450874329,0.9137930870056152,10,21,44.9,False,2026-05-30T06:33:53.743609
ant_colony_optimisation,0,53,0.95,0.0001,0.0,0.02,adamw,16,0.9098712205886841,0.9094827771186829,34,40,66.6,False,2026-05-30T06:35:03.862840
ant_colony_optimisation,0,54,0.99,5e-05,0.3,0.001,adam,32,0.7896995544433594,0.8232758641242981,32,40,61.5,False,2026-05-30T06:36:09.127022
ant_colony_optimisation,0,55,0.95,0.0005,0.2,0.02,adam,32,0.9141631126403809,0.9267241358757019,24,35,59.3,False,2026-05-30T06:37:12.025290
ant_colony_optimisation,0,56,0.95,0.001,0.4,0.001,adam,16,0.9098712205886841,0.9008620977401733,18,29,55.8,False,2026-05-30T06:38:11.676231
ant_colony_optimisation,0,57,0.85,0.005,0.6,0.002,adamw,32,0.9227467775344849,0.9137930870056152,26,37,67.2,False,2026-05-30T06:39:22.757301
ant_colony_optimisation,0,58,0.7,5e-05,0.5,0.1,adamw,8,0.9270386099815369,0.931034505367279,19,30,66.2,False,2026-05-30T06:40:30.503918
ant_colony_optimisation,0,59,0.95,0.0005,0.3,0.002,adam,8,0.9098712205886841,0.9137930870056152,8,19,40.5,False,2026-05-30T06:41:12.546646
ant_colony_optimisation,0,60,0.9,5e-05,0.6,0.001,adamw,16,0.8712446093559265,0.892241358757019,30,40,71.1,False,2026-05-30T06:42:27.874835
ant_colony_optimisation,0,61,0.8,0.001,0.4,0.05,adam,16,0.8969957232475281,0.9137930870056152,2,13,44.6,False,2026-05-30T06:43:16.568098
ant_colony_optimisation,0,62,0.85,0.0001,0.0,0.002,sgd,8,0.7596566677093506,0.7586206793785095,21,32,57.4,False,2026-05-30T06:44:15.643933
ant_colony_optimisation,0,63,0.99,0.005,0.3,0.01,sgd,32,0.8454935550689697,0.8836206793785095,18,29,51.0,False,2026-05-30T06:45:10.908057
ant_colony_optimisation,0,64,0.95,0.001,0.5,0.1,sgd,8,0.8497853875160217,0.818965494632721,20,31,53.2,False,2026-05-30T06:46:05.921174
ant_colony_optimisation,0,65,0.95,1e-05,0.3,0.005,adam,32,0.6609442234039307,0.6336206793785095,32,40,64.3,False,2026-05-30T06:47:14.996733
ant_colony_optimisation,0,66,0.7,1e-05,0.2,0.1,adam,32,0.6995708346366882,0.7370689511299133,39,40,79.2,False,2026-05-30T06:48:38.758811
ant_colony_optimisation,0,67,0.8,0.0005,0.6,0.05,sgd,16,0.8884119987487793,0.8663793206214905,,,0.0,True,2026-05-30T06:48:38.772415
ant_colony_optimisation,0,68,0.99,0.005,0.5,0.1,adamw,16,0.8884119987487793,0.9094827771186829,6,17,41.6,False,2026-05-30T06:49:25.288884
ant_colony_optimisation,0,69,0.85,5e-05,0.5,0.002,adamw,16,0.8969957232475281,0.9224137663841248,30,40,74.5,False,2026-05-30T06:50:44.557103
ant_colony_optimisation,0,70,0.9,0.005,0.0,0.02,adamw,32,0.8969957232475281,0.8620689511299133,9,20,48.5,False,2026-05-30T06:51:37.769473
ant_colony_optimisation,0,71,0.9,0.0005,0.5,0.01,adamw,8,0.9270386099815369,0.9181034564971924,4,15,39.0,False,2026-05-30T06:52:18.971216
ant_colony_optimisation,0,72,0.8,0.001,0.5,0.002,sgd,32,0.8669527769088745,0.8879310488700867,30,40,95.2,False,2026-05-30T06:56:54.521384
ant_colony_optimisation,0,73,0.85,0.005,0.3,0.01,adam,8,0.9527897238731384,0.9396551847457886,34,40,71.9,False,2026-05-30T06:58:07.242545
ant_colony_optimisation,0,74,0.95,0.005,0.4,0.005,adamw,32,0.8969957232475281,0.9137930870056152,26,37,60.7,False,2026-05-30T06:59:11.331052
ant_colony_optimisation,0,75,0.99,0.0001,0.0,0.1,sgd,8,0.733905553817749,0.7241379022598267,26,37,56.8,False,2026-05-30T07:00:09.185624
ant_colony_optimisation,0,76,0.8,0.001,0.5,0.02,adam,8,0.9227467775344849,0.9396551847457886,21,32,60.3,False,2026-05-30T07:01:10.538328
ant_colony_optimisation,0,77,0.85,0.005,0.0,0.001,adamw,8,0.9055793881416321,0.9008620977401733,16,27,53.3,False,2026-05-30T07:02:05.023732
ant_colony_optimisation,0,78,0.7,0.005,0.5,0.005,adamw,8,0.9270386099815369,0.9353448152542114,31,40,77.8,False,2026-05-30T07:03:24.108826
ant_colony_optimisation,0,79,0.85,0.0005,0.3,0.005,adamw,32,0.9184549450874329,0.9482758641242981,18,29,58.7,False,2026-05-30T07:04:26.475932
ant_colony_optimisation,0,80,0.9,0.0001,0.4,0.02,adamw,16,0.9184549450874329,0.9267241358757019,27,38,76.4,False,2026-05-30T07:05:46.949525
ant_colony_optimisation,0,81,0.85,0.001,0.4,0.005,adamw,32,0.9141631126403809,0.9482758641242981,24,35,65.6,False,2026-05-30T07:06:56.362480
ant_colony_optimisation,0,82,0.85,0.005,0.0,0.1,sgd,8,0.9313304424285888,0.9396551847457886,,,0.0,True,2026-05-30T07:06:56.374992
ant_colony_optimisation,0,83,0.7,0.0005,0.0,0.1,sgd,32,0.8626609444618225,0.8232758641242981,26,37,70.2,False,2026-05-30T07:08:10.491888
ant_colony_optimisation,0,84,0.9,0.0005,0.5,0.02,adam,32,0.9399141669273376,0.9525862336158752,,,0.0,True,2026-05-30T07:08:10.504549
ant_colony_optimisation,0,85,0.85,0.005,0.3,0.002,adamw,32,0.9184549450874329,0.9137930870056152,21,32,62.4,False,2026-05-30T07:09:16.953852
ant_colony_optimisation,0,86,0.7,1e-05,0.3,0.05,adamw,16,0.8197425007820129,0.8017241358757019,33,40,85.0,False,2026-05-30T07:10:45.945195
ant_colony_optimisation,0,87,0.95,0.0005,0.6,0.05,sgd,8,0.8283261656761169,0.8275862336158752,25,36,58.2,False,2026-05-30T07:11:45.847109
ant_colony_optimisation,0,88,0.8,5e-05,0.3,0.01,adam,32,0.8841201663017273,0.9181034564971924,23,34,65.4,False,2026-05-30T07:12:55.358668
ant_colony_optimisation,0,89,0.99,0.0001,0.3,0.02,adamw,8,0.8540772795677185,0.8663793206214905,13,24,44.2,False,2026-05-30T07:13:41.320044
ant_colony_optimisation,0,90,0.8,0.005,0.3,0.1,adamw,8,0.9184549450874328,0.9353448152542114,,,0.0,True,2026-05-30T07:13:41.340034
ant_colony_optimisation,0,91,0.85,5e-05,0.4,0.005,sgd,8,0.6437768340110779,0.6206896305084229,36,40,67.5,False,2026-05-30T07:14:50.650140
ant_colony_optimisation,0,92,0.9,0.0005,0.4,0.1,adam,8,0.9313304424285889,0.9353448152542114,12,23,47.4,False,2026-05-30T07:15:40.490308
ant_colony_optimisation,0,93,0.7,1e-05,0.3,0.002,sgd,8,0.278969943523407,0.31896552443504333,32,40,73.0,False,2026-05-30T07:16:55.492914
ant_colony_optimisation,0,94,0.85,0.0005,0.0,0.005,adam,8,0.9270386099815369,0.9094827771186829,2,13,37.1,False,2026-05-30T07:17:34.711331
ant_colony_optimisation,0,95,0.99,0.0001,0.3,0.02,adamw,32,0.8154506683349609,0.8448275923728943,23,34,56.7,False,2026-05-30T07:18:36.101563
ant_colony_optimisation,0,96,0.7,0.001,0.5,0.05,adamw,8,0.9270386099815369,0.9181034564971924,10,21,53.3,False,2026-05-30T07:19:31.795044
ant_colony_optimisation,0,97,0.7,0.0001,0.6,0.01,sgd,16,0.6781116127967834,0.693965494632721,28,39,76.3,False,2026-05-30T07:20:53.080360
ant_colony_optimisation,0,98,0.95,0.0005,0.4,0.005,sgd,8,0.8497853875160217,0.8146551847457886,38,40,77.4,False,2026-05-30T07:24:34.287158
ant_colony_optimisation,0,99,0.7,0.001,0.4,0.02,adamw,16,0.9313304424285889,0.9353448152542114,14,25,80.2,False,2026-05-30T07:25:57.853283
ant_colony_optimisation,1,0,0.95,0.0001,0.4,0.001,sgd,16,0.6309012770652771,0.642241358757019,,,0.0,True,2026-05-30T07:25:57.868002
ant_colony_optimisation,1,1,0.8,0.001,0.2,0.01,adam,16,0.9141631126403807,0.9181034564971924,,,0.0,True,2026-05-30T07:25:57.868630
ant_colony_optimisation,1,2,0.8,5e-05,0.5,0.002,adamw,32,0.9141631126403807,0.8836206793785095,,,0.0,True,2026-05-30T07:25:57.869294
ant_colony_optimisation,1,3,0.99,0.001,0.4,0.002,adam,32,0.8841201663017273,0.9094827771186828,,,0.0,True,2026-05-30T07:25:57.869897
ant_colony_optimisation,1,4,0.9,1e-05,0.4,0.05,adamw,32,0.5879828333854675,0.6336206793785095,,,0.0,True,2026-05-30T07:25:57.870480
ant_colony_optimisation,1,5,0.7,0.0005,0.3,0.001,adamw,32,0.909871220588684,0.9137930870056152,,,0.0,True,2026-05-30T07:25:57.871051
ant_colony_optimisation,1,6,0.9,5e-05,0.6,0.01,adamw,32,0.8583691120147705,0.8534482717514038,,,0.0,True,2026-05-30T07:25:57.871626
ant_colony_optimisation,1,7,0.7,0.001,0.5,0.05,adam,32,0.9141631126403807,0.9094827771186828,,,0.0,True,2026-05-30T07:25:57.872188
ant_colony_optimisation,1,8,0.8,1e-05,0.6,0.1,sgd,16,0.248927041888237,0.2198275923728943,,,0.0,True,2026-05-30T07:25:57.872766
ant_colony_optimisation,1,9,0.8,1e-05,0.4,0.05,sgd,8,0.2875536382198334,0.2155172377824783,,,0.0,True,2026-05-30T07:25:57.873447
ant_colony_optimisation,1,10,0.8,0.0005,0.5,0.1,adam,16,0.9356223344802856,0.9396551847457886,12,23,56.0,False,2026-05-30T07:26:57.203015
ant_colony_optimisation,1,11,0.99,0.0001,0.4,0.001,adamw,32,0.8283261656761169,0.8405172228813171,13,24,53.2,False,2026-05-30T07:27:53.791898
ant_colony_optimisation,1,12,0.95,0.005,0.4,0.002,sgd,8,0.9012875556945801,0.9051724076271057,20,31,52.2,False,2026-05-30T07:28:47.127092
ant_colony_optimisation,1,13,0.95,1e-05,0.5,0.002,adamw,8,0.733905553817749,0.7068965435028076,,,0.0,True,2026-05-30T07:28:47.137171
ant_colony_optimisation,1,14,0.95,5e-05,0.3,0.001,adam,16,0.8669527769088745,0.8620689511299133,19,30,56.0,False,2026-05-30T07:29:46.742201
ant_colony_optimisation,1,15,0.7,0.0005,0.3,0.05,adamw,16,0.9313304424285888,0.9353448152542114,,,0.0,True,2026-05-30T07:29:46.752897
ant_colony_optimisation,1,16,0.99,0.0005,0.5,0.005,adamw,8,0.8798283338546753,0.9051724076271057,6,17,35.9,False,2026-05-30T07:30:23.875987
ant_colony_optimisation,1,17,0.99,5e-05,0.2,0.001,adam,32,0.7896995544433594,0.8275862336158752,,,0.0,True,2026-05-30T07:30:23.886637
ant_colony_optimisation,1,18,0.95,1e-05,0.3,0.005,adamw,16,0.7381974458694458,0.6896551847457886,32,40,66.9,False,2026-05-30T07:31:34.525535
ant_colony_optimisation,1,19,0.9,0.005,0.5,0.005,adamw,16,0.9399141669273376,0.931034505367279,23,34,63.8,False,2026-05-30T07:32:42.242099
ant_colony_optimisation,1,20,0.7,5e-05,0.2,0.005,adam,16,0.9227467775344849,0.9181034564971924,16,27,64.6,False,2026-05-30T07:33:50.803002
ant_colony_optimisation,1,21,0.99,0.001,0.5,0.05,adamw,32,0.8884119987487793,0.9051724076271057,20,31,53.3,False,2026-05-30T07:34:47.813646
ant_colony_optimisation,1,22,0.95,0.0005,0.0,0.01,adam,8,0.9141631126403809,0.9224137663841248,7,18,38.6,False,2026-05-30T07:35:27.901531
ant_colony_optimisation,1,23,0.9,0.001,0.2,0.05,adamw,8,0.9227467775344849,0.9137930870056152,11,22,45.7,False,2026-05-30T07:36:15.152823
ant_colony_optimisation,1,24,0.99,0.0001,0.2,0.05,adam,32,0.8497853875160217,0.8620689511299133,25,36,58.0,False,2026-05-30T07:37:17.090940
ant_colony_optimisation,1,25,0.8,0.0001,0.2,0.05,adamw,32,0.9098712205886841,0.9267241358757019,15,26,59.7,False,2026-05-30T07:38:20.896370
ant_colony_optimisation,1,26,0.9,0.001,0.4,0.005,adamw,32,0.9227467775344848,0.931034505367279,,,0.0,True,2026-05-30T07:38:20.909030
ant_colony_optimisation,1,27,0.8,0.005,0.5,0.005,adamw,16,0.9313304424285889,0.9353448152542114,25,36,71.2,False,2026-05-30T07:39:36.140708
ant_colony_optimisation,1,28,0.85,0.0005,0.0,0.01,sgd,8,0.8798283338546753,0.9008620977401733,16,27,51.6,False,2026-05-30T07:40:29.532099
ant_colony_optimisation,1,29,0.95,0.0001,0.2,0.1,adam,8,0.9141631126403809,0.892241358757019,26,37,60.7,False,2026-05-30T07:41:32.057860
ant_colony_optimisation,1,30,0.99,5e-05,0.6,0.02,sgd,16,0.5879828333854675,0.5775862336158752,34,40,64.5,False,2026-05-30T07:42:41.347881
ant_colony_optimisation,1,31,0.85,0.001,0.0,0.005,adamw,16,0.9356223344802856,0.9353448152542114,24,35,68.3,False,2026-05-30T07:43:54.258360
ant_colony_optimisation,1,32,0.7,5e-05,0.4,0.005,sgd,16,0.5107296109199524,0.48706895112991333,32,40,77.9,False,2026-05-30T07:45:16.800935
ant_colony_optimisation,1,33,0.99,0.001,0.4,0.005,sgd,8,0.8626609444618225,0.8706896305084229,28,39,60.4,False,2026-05-30T07:46:19.313517
ant_colony_optimisation,1,34,0.7,0.005,0.4,0.05,adamw,16,0.9184549450874328,0.931034505367279,,,0.0,True,2026-05-30T07:46:19.333393
ant_colony_optimisation,1,35,0.7,5e-05,0.5,0.01,adam,32,0.905579388141632,0.9181034564971924,,,0.0,True,2026-05-30T07:46:19.334491
ant_colony_optimisation,1,36,0.8,0.0005,0.0,0.02,adam,8,0.9313304424285889,0.9396551847457886,5,16,42.3,False,2026-05-30T07:47:03.851074
ant_colony_optimisation,1,37,0.7,5e-05,0.2,0.01,adamw,32,0.9141631126403809,0.9137930870056152,20,31,70.7,False,2026-05-30T07:48:19.403944
ant_colony_optimisation,1,38,0.99,0.005,0.5,0.05,sgd,8,0.8669527769088745,0.8836206793785095,,,0.0,True,2026-05-30T07:51:13.169262
ant_colony_optimisation,1,39,0.7,0.0001,0.0,0.02,adam,8,0.9141631126403809,0.9353448152542114,9,20,67.5,False,2026-05-30T07:52:24.810825
ant_colony_optimisation,1,40,0.8,1e-05,0.5,0.02,adamw,8,0.8240343332290649,0.8103448152542114,27,38,69.4,False,2026-05-30T07:53:35.102723
ant_colony_optimisation,1,41,0.85,0.001,0.2,0.005,adam,8,0.9184549450874329,0.9353448152542114,21,32,58.0,False,2026-05-30T07:54:34.141121
ant_colony_optimisation,1,42,0.8,0.0001,0.3,0.1,adam,8,0.9227467775344849,0.9525862336158752,13,24,50.9,False,2026-05-30T07:55:26.149846
ant_colony_optimisation,1,43,0.95,1e-05,0.0,0.1,sgd,16,0.21030043065547943,0.27586206793785095,27,38,75.9,False,2026-05-30T07:56:45.658827
ant_colony_optimisation,1,44,0.7,0.0001,0.3,0.1,adamw,8,0.9313304424285889,0.9267241358757019,17,28,62.2,False,2026-05-30T07:57:49.105533
ant_colony_optimisation,1,45,0.99,0.001,0.0,0.001,adamw,8,0.8798283338546753,0.9094827771186829,3,14,32.9,False,2026-05-30T07:58:23.361238
ant_colony_optimisation,1,46,0.9,0.0005,0.0,0.05,sgd,32,0.7682403326034546,0.818965494632721,35,40,74.5,False,2026-05-30T07:59:41.641094
ant_colony_optimisation,1,47,0.9,0.001,0.2,0.001,adam,32,0.9184549450874329,0.9181034564971924,12,23,50.2,False,2026-05-30T08:00:35.611084
ant_colony_optimisation,1,48,0.9,0.005,0.3,0.05,adam,8,0.8927038908004761,0.8965517282485962,8,19,41.8,False,2026-05-30T08:01:18.832119
ant_colony_optimisation,1,49,0.8,0.0005,0.4,0.01,adamw,16,0.9270386099815369,0.931034505367279,6,17,51.9,False,2026-05-30T08:02:14.582809
ant_colony_optimisation,1,50,0.99,0.0005,0.5,0.001,adamw,16,0.8884119987487793,0.8836206793785095,10,21,45.0,False,2026-05-30T08:03:03.463529
ant_colony_optimisation,1,51,0.9,5e-05,0.3,0.1,adamw,16,0.8969957232475281,0.8706896305084229,19,30,60.5,False,2026-05-30T08:04:08.063301
ant_colony_optimisation,1,52,0.7,1e-05,0.2,0.002,sgd,8,0.30472102761268616,0.3103448152542114,35,40,72.4,False,2026-05-30T08:05:22.096158
ant_colony_optimisation,1,53,0.85,1e-05,0.5,0.001,adam,8,0.8111587762832642,0.7974137663841248,33,40,69.8,False,2026-05-30T08:06:33.606243
ant_colony_optimisation,1,54,0.8,0.0005,0.5,0.005,adam,32,0.9184549450874329,0.9267241358757019,13,24,54.8,False,2026-05-30T08:07:32.529555
ant_colony_optimisation,1,55,0.95,1e-05,0.5,0.05,adam,16,0.6952789425849915,0.6637930870056152,38,40,67.4,False,2026-05-30T08:08:44.238626
ant_colony_optimisation,1,56,0.8,5e-05,0.4,0.01,adamw,16,0.8969957232475281,0.9353448152542114,22,33,68.9,False,2026-05-30T08:09:58.244724
ant_colony_optimisation,1,57,0.8,0.005,0.2,0.1,adamw,16,0.9356223344802856,0.931034505367279,,,0.0,True,2026-05-30T08:09:58.259115
ant_colony_optimisation,1,58,0.8,0.0005,0.3,0.02,adamw,8,0.9313304424285888,0.9353448152542114,,,0.0,True,2026-05-30T08:09:58.266419
ant_colony_optimisation,1,59,0.95,1e-05,0.5,0.05,sgd,16,0.2875536382198334,0.27586206793785095,30,40,66.0,False,2026-05-30T08:11:09.201041
ant_colony_optimisation,1,60,0.8,0.0005,0.3,0.02,adamw,16,0.9227467775344849,0.9094827771186829,6,17,51.3,False,2026-05-30T08:12:05.098838
ant_colony_optimisation,1,61,0.8,0.0001,0.4,0.005,adam,32,0.905579388141632,0.9181034564971924,,,0.0,True,2026-05-30T08:12:05.112625
ant_colony_optimisation,1,62,0.9,0.005,0.3,0.1,sgd,32,0.9184549450874329,0.9008620977401733,23,34,60.2,False,2026-05-30T08:13:09.849950
ant_colony_optimisation,1,63,0.8,0.0005,0.3,0.01,adam,8,0.9270386099815369,0.931034505367279,13,24,52.0,False,2026-05-30T08:14:04.106628
ant_colony_optimisation,1,64,0.9,0.001,0.3,0.1,adamw,16,0.9442059993743896,0.9181034564971924,,,0.0,True,2026-05-30T08:14:04.120131
ant_colony_optimisation,1,65,0.95,0.0005,0.2,0.005,sgd,32,0.7553648352622986,0.75,38,40,64.7,False,2026-05-30T08:15:13.809172
ant_colony_optimisation,1,66,0.9,5e-05,0.5,0.002,adamw,16,0.8884119987487793,0.9051724076271056,,,0.0,True,2026-05-30T08:15:13.822007
ant_colony_optimisation,1,67,0.85,0.0001,0.6,0.002,adamw,8,0.9313304424285889,0.931034505367279,20,31,59.6,False,2026-05-30T08:16:15.763761
ant_colony_optimisation,1,68,0.7,5e-05,0.6,0.02,sgd,8,0.6824034452438354,0.6379310488700867,36,40,88.8,False,2026-05-30T08:20:45.244337
ant_colony_optimisation,1,69,0.9,0.0001,0.3,0.02,adamw,16,0.9313304424285889,0.931034505367279,21,32,74.8,False,2026-05-30T08:22:03.130765
ant_colony_optimisation,1,70,0.8,0.0001,0.4,0.002,adam,16,0.9141631126403809,0.9267241358757019,9,20,52.1,False,2026-05-30T08:22:58.590306
ant_colony_optimisation,1,71,0.9,0.005,0.5,0.01,sgd,8,0.9356223344802856,0.9267241358757019,17,28,50.1,False,2026-05-30T08:23:49.768985
ant_colony_optimisation,1,72,0.7,0.0001,0.0,0.01,adamw,8,0.9313304424285889,0.931034505367279,6,17,48.2,False,2026-05-30T08:24:39.029117
ant_colony_optimisation,1,73,0.95,0.0005,0.3,0.1,sgd,8,0.8283261656761169,0.8232758641242981,27,38,60.0,False,2026-05-30T08:25:40.243952
ant_colony_optimisation,1,74,0.8,0.005,0.2,0.05,adamw,16,0.9270386099815369,0.943965494632721,17,28,61.9,False,2026-05-30T08:26:45.763753
ant_colony_optimisation,1,75,0.9,0.005,0.0,0.002,adamw,16,0.9227467775344849,0.9353448152542114,23,34,63.4,False,2026-05-30T08:27:52.903646
ant_colony_optimisation,1,76,0.8,0.005,0.2,0.02,sgd,32,0.8927038908004761,0.9181034564971924,16,27,64.1,False,2026-05-30T08:29:00.693124
ant_colony_optimisation,1,77,0.95,0.001,0.5,0.005,adamw,32,0.9098712205886841,0.9267241358757019,16,27,52.0,False,2026-05-30T08:29:56.391248
ant_colony_optimisation,1,78,0.99,0.005,0.6,0.001,adamw,16,0.8712446093559265,0.8620689511299133,13,24,48.0,False,2026-05-30T08:30:48.279412
ant_colony_optimisation,1,79,0.99,0.0001,0.2,0.001,adam,32,0.8111587762832642,0.8405172228813171,13,24,46.5,False,2026-05-30T08:31:38.652025
ant_colony_optimisation,1,80,0.7,5e-05,0.3,0.01,adamw,32,0.9270386099815369,0.8836206793785095,23,34,72.8,False,2026-05-30T08:32:55.496348
ant_colony_optimisation,1,81,0.8,0.001,0.5,0.1,sgd,8,0.9098712205886841,0.9051724076271057,12,23,48.0,False,2026-05-30T08:33:45.156166
ant_colony_optimisation,1,82,0.95,0.001,0.3,0.001,adam,32,0.8969957232475281,0.9051724076271057,10,21,45.2,False,2026-05-30T08:34:34.305091
ant_colony_optimisation,1,83,0.7,0.0001,0.2,0.05,adamw,8,0.9399141669273376,0.931034505367279,7,18,49.1,False,2026-05-30T08:35:25.183587
ant_colony_optimisation,1,84,0.85,0.0001,0.5,0.005,adamw,16,0.9141631126403809,0.9396551847457886,17,28,60.9,False,2026-05-30T08:36:30.890433
ant_colony_optimisation,1,85,0.99,0.001,0.3,0.01,adamw,32,0.8841201663017273,0.8965517282485962,21,32,54.0,False,2026-05-30T08:37:29.186347
ant_colony_optimisation,1,86,0.7,0.0005,0.4,0.01,adamw,16,0.9356223344802856,0.9525862336158752,30,40,84.1,False,2026-05-30T08:38:57.861366
ant_colony_optimisation,1,87,0.85,0.001,0.3,0.02,adamw,8,0.9227467775344848,0.9181034564971924,,,0.0,True,2026-05-30T08:38:57.875089
ant_colony_optimisation,1,88,0.85,0.005,0.6,0.1,adam,32,0.9141631126403807,0.8706896305084229,,,0.0,True,2026-05-30T08:38:57.882722
ant_colony_optimisation,1,89,0.99,0.005,0.5,0.05,adamw,16,0.8969957232475281,0.9137930870056152,14,25,48.8,False,2026-05-30T08:39:51.084265
ant_colony_optimisation,1,90,0.95,0.0005,0.2,0.001,sgd,16,0.7939913868904114,0.806034505367279,36,40,66.6,False,2026-05-30T08:41:02.181491
ant_colony_optimisation,1,91,0.8,0.005,0.3,0.02,adamw,8,0.9227467775344849,0.931034505367279,11,22,50.4,False,2026-05-30T08:41:54.730011
ant_colony_optimisation,1,92,0.8,1e-05,0.0,0.001,adam,32,0.733905553817749,0.681034505367279,28,39,70.7,False,2026-05-30T08:43:10.140147
ant_colony_optimisation,1,93,0.9,5e-05,0.3,0.02,adamw,8,0.9098712205886841,0.9181034564971924,18,29,54.8,False,2026-05-30T08:44:07.373982
ant_colony_optimisation,1,94,0.9,0.005,0.3,0.01,sgd,8,0.9270386099815369,0.9224137663841248,20,31,54.8,False,2026-05-30T08:45:04.494962
ant_colony_optimisation,1,95,0.95,0.0005,0.5,0.005,adamw,16,0.9184549450874329,0.9137930870056152,19,30,80.1,False,2026-05-30T08:48:40.029671
ant_colony_optimisation,1,96,0.99,0.005,0.4,0.1,adamw,32,0.8884119987487793,0.9224137663841248,,,0.0,True,2026-05-30T08:48:40.039325
ant_colony_optimisation,1,97,0.99,0.0001,0.6,0.005,adamw,8,0.8626609444618225,0.8965517282485962,31,40,64.3,False,2026-05-30T08:49:45.138113
ant_colony_optimisation,1,98,0.95,0.0001,0.5,0.002,adamw,16,0.8927038908004761,0.892241358757019,25,36,62.1,False,2026-05-30T08:50:50.481105
ant_colony_optimisation,1,99,0.8,1e-05,0.5,0.1,adam,8,0.8068669438362122,0.7715517282485962,33,40,71.2,False,2026-05-30T08:52:02.659857
ant_colony_optimisation,2,0,0.8,1e-05,0.2,0.02,adamw,8,0.8369098901748657,0.8491379022598267,,,0.0,True,2026-05-30T08:52:02.670094
ant_colony_optimisation,2,1,0.85,0.001,0.3,0.02,sgd,32,0.8497853875160217,0.8448275923728943,,,0.0,True,2026-05-30T08:52:02.670713
ant_colony_optimisation,2,2,0.85,5e-05,0.3,0.01,sgd,32,0.446351945400238,0.4698275923728943,,,0.0,True,2026-05-30T08:52:02.671351
ant_colony_optimisation,2,3,0.8,0.005,0.3,0.02,adam,8,0.9270386099815368,0.943965494632721,,,0.0,True,2026-05-30T08:52:02.676794
ant_colony_optimisation,2,4,0.8,0.005,0.5,0.05,adamw,16,0.9313304424285888,0.931034505367279,,,0.0,True,2026-05-30T08:52:02.677502
ant_colony_optimisation,2,5,0.9,0.0005,0.6,0.01,sgd,16,0.8583691120147705,0.8362069129943848,,,0.0,True,2026-05-30T08:52:02.678144
ant_colony_optimisation,2,6,0.95,0.0001,0.5,0.005,adamw,8,0.909871220588684,0.9008620977401732,,,0.0,True,2026-05-30T08:52:02.678866
ant_colony_optimisation,2,7,0.7,1e-05,0.5,0.01,sgd,32,0.227467805147171,0.1508620679378509,,,0.0,True,2026-05-30T08:52:02.679476
ant_colony_optimisation,2,8,0.85,0.005,0.4,0.05,adamw,8,0.9227467775344848,0.931034505367279,,,0.0,True,2026-05-30T08:52:02.680047
ant_colony_optimisation,2,9,0.8,5e-05,0.4,0.001,adam,32,0.8969957232475281,0.8965517282485962,,,0.0,True,2026-05-30T08:52:02.680747
ant_colony_optimisation,2,10,0.7,0.0001,0.3,0.02,adamw,32,0.9141631126403809,0.9181034564971924,7,18,66.5,False,2026-05-30T08:53:12.542405
ant_colony_optimisation,2,11,0.95,0.0005,0.4,0.01,sgd,8,0.8454935550689697,0.8491379022598267,,,0.0,True,2026-05-30T08:53:12.552259
ant_colony_optimisation,2,12,0.95,0.0005,0.0,0.005,sgd,32,0.7811158895492554,0.7543103694915771,32,40,63.2,False,2026-05-30T08:54:19.152604
ant_colony_optimisation,2,13,0.7,5e-05,0.0,0.05,adam,8,0.9270386099815368,0.9224137663841248,,,0.0,True,2026-05-30T08:54:19.163096
ant_colony_optimisation,2,14,0.99,0.0001,0.2,0.001,adamw,16,0.8454935550689697,0.8663793206214905,25,36,60.3,False,2026-05-30T08:55:22.915862
ant_colony_optimisation,2,15,0.9,1e-05,0.0,0.002,adamw,8,0.8197425007820129,0.8103448152542114,,,0.0,True,2026-05-30T08:55:22.926542
ant_colony_optimisation,2,16,0.9,5e-05,0.6,0.1,adam,8,0.9055793881416321,0.9008620977401733,18,29,53.5,False,2026-05-30T08:56:17.702635
ant_colony_optimisation,2,17,0.9,0.001,0.0,0.002,adamw,16,0.8884119987487793,0.9051724076271057,2,13,42.2,False,2026-05-30T08:57:03.752642
ant_colony_optimisation,2,18,0.99,0.005,0.5,0.001,sgd,16,0.8755365014076233,0.8879310488700867,18,29,52.6,False,2026-05-30T08:58:00.123989
ant_colony_optimisation,2,19,0.7,5e-05,0.4,0.005,adamw,32,0.9184549450874329,0.9008620977401733,21,32,69.5,False,2026-05-30T08:59:13.495010
ant_colony_optimisation,2,20,0.95,0.0005,0.5,0.005,sgd,16,0.8068669438362122,0.7844827771186829,24,35,61.1,False,2026-05-30T09:00:18.561103
ant_colony_optimisation,2,21,0.99,1e-05,0.6,0.02,sgd,8,0.30042919516563416,0.2801724076271057,39,40,60.4,False,2026-05-30T09:01:20.550757
ant_colony_optimisation,2,22,0.9,5e-05,0.0,0.001,sgd,16,0.5150214433670044,0.5258620977401733,32,40,68.8,False,2026-05-30T09:02:33.441650
ant_colony_optimisation,2,23,0.8,5e-05,0.3,0.05,adam,32,0.8969957232475281,0.8965517282485962,21,32,63.5,False,2026-05-30T09:03:41.009901
ant_colony_optimisation,2,24,0.99,5e-05,0.4,0.005,sgd,8,0.6051502227783203,0.5862069129943848,22,33,53.6,False,2026-05-30T09:04:36.343807
ant_colony_optimisation,2,25,0.85,0.0005,0.4,0.05,sgd,8,0.8884119987487793,0.8879310488700867,24,35,61.1,False,2026-05-30T09:05:39.180945
ant_colony_optimisation,2,26,0.7,0.0001,0.4,0.1,sgd,32,0.545064389705658,0.556034505367279,38,40,72.7,False,2026-05-30T09:06:56.131103
ant_colony_optimisation,2,27,0.99,5e-05,0.2,0.01,adam,16,0.8369098901748657,0.8491379022598267,29,40,64.8,False,2026-05-30T09:08:05.670716
ant_colony_optimisation,2,28,0.99,1e-05,0.4,0.02,adamw,32,0.6094420552253723,0.5991379022598267,32,40,62.4,False,2026-05-30T09:09:12.389979
ant_colony_optimisation,2,29,0.95,0.005,0.0,0.002,adam,32,0.8884119987487793,0.9137930870056152,6,17,42.0,False,2026-05-30T09:09:59.172291
ant_colony_optimisation,2,30,0.99,1e-05,0.5,0.05,sgd,8,0.42918455600738525,0.4137931168079376,38,40,61.7,False,2026-05-30T09:11:02.925561
ant_colony_optimisation,2,31,0.95,5e-05,0.0,0.05,adam,16,0.8712446093559265,0.8706896305084229,32,40,66.8,False,2026-05-30T09:12:14.376661
ant_colony_optimisation,2,32,0.8,0.0005,0.6,0.002,adamw,16,0.9141631126403809,0.9224137663841248,3,14,72.1,False,2026-05-30T09:16:32.310631
ant_colony_optimisation,2,33,0.8,0.0005,0.2,0.05,adamw,8,0.90128755569458,0.9181034564971924,,,0.0,True,2026-05-30T09:16:32.314919
ant_colony_optimisation,2,34,0.99,0.0001,0.5,0.05,adam,8,0.8412017226219177,0.8663793206214905,26,37,60.3,False,2026-05-30T09:17:33.536913
ant_colony_optimisation,2,35,0.99,0.005,0.2,0.002,adamw,16,0.8755365014076233,0.9137930870056152,9,20,43.2,False,2026-05-30T09:18:20.105165
ant_colony_optimisation,2,36,0.99,0.005,0.6,0.002,adamw,16,0.8669527769088745,0.8965517282485962,,,0.0,True,2026-05-30T09:18:20.112993
ant_colony_optimisation,2,37,0.8,1e-05,0.2,0.005,adam,8,0.8497853875160217,0.8534482717514038,22,33,61.8,False,2026-05-30T09:19:22.950363
ant_colony_optimisation,2,38,0.7,0.0005,0.4,0.002,adamw,16,0.9270386099815369,0.9008620977401733,6,17,57.1,False,2026-05-30T09:20:23.538413
ant_colony_optimisation,2,39,0.9,0.005,0.3,0.02,adam,32,0.9227467775344849,0.9224137663841248,29,40,76.0,False,2026-05-30T09:21:43.075998
ant_colony_optimisation,2,40,0.9,5e-05,0.2,0.002,adam,16,0.9055793881416321,0.9224137663841248,32,40,69.5,False,2026-05-30T09:22:56.338969
ant_colony_optimisation,2,41,0.95,0.0001,0.2,0.01,adam,32,0.8712446093559265,0.8965517282485962,28,39,63.0,False,2026-05-30T09:24:03.051482
ant_colony_optimisation,2,42,0.7,5e-05,0.3,0.002,sgd,8,0.7124463319778442,0.7198275923728943,26,37,68.8,False,2026-05-30T09:25:13.285095
ant_colony_optimisation,2,43,0.8,1e-05,0.5,0.005,adamw,8,0.7725321650505066,0.7844827771186829,36,40,72.0,False,2026-05-30T09:26:26.762373
ant_colony_optimisation,2,44,0.7,0.0001,0.5,0.05,adamw,32,0.9270386099815369,0.9396551847457886,19,30,68.7,False,2026-05-30T09:27:39.445429
ant_colony_optimisation,2,45,0.7,0.0005,0.2,0.01,adam,32,0.9313304424285888,0.9525862336158752,,,0.0,True,2026-05-30T09:27:39.458582
ant_colony_optimisation,2,46,0.8,0.005,0.0,0.01,adamw,32,0.9141631126403809,0.9224137663841248,33,40,71.9,False,2026-05-30T09:28:55.256020
ant_colony_optimisation,2,47,0.8,0.0005,0.0,0.005,sgd,8,0.8884119987487793,0.9181034564971924,30,40,67.5,False,2026-05-30T09:30:04.362320
ant_colony_optimisation,2,48,0.85,5e-05,0.2,0.001,sgd,16,0.5751072764396667,0.5301724076271057,28,39,69.6,False,2026-05-30T09:31:17.975897
ant_colony_optimisation,2,49,0.85,0.0001,0.5,0.02,sgd,32,0.5793991684913635,0.5043103694915771,30,40,67.1,False,2026-05-30T09:32:29.247016
ant_colony_optimisation,2,50,0.85,0.001,0.4,0.005,adamw,32,0.9141631126403807,0.948275864124298,,,0.0,True,2026-05-30T09:32:29.267052
ant_colony_optimisation,2,51,0.9,0.001,0.4,0.1,sgd,8,0.8969957232475281,0.8793103694915771,,,0.0,True,2026-05-30T09:32:29.268038
ant_colony_optimisation,2,52,0.95,0.005,0.5,0.005,adamw,8,0.9012875556945801,0.8836206793785095,20,31,54.1,False,2026-05-30T09:33:25.107572
ant_colony_optimisation,2,53,0.7,0.0005,0.6,0.05,adamw,32,0.9270386099815369,0.9224137663841248,13,24,61.3,False,2026-05-30T09:34:31.147442
ant_colony_optimisation,2,54,0.9,5e-05,0.5,0.005,sgd,16,0.5665236115455627,0.5517241358757019,23,34,62.6,False,2026-05-30T09:35:38.274458
ant_colony_optimisation,2,55,0.7,0.001,0.0,0.1,adamw,32,0.9313304424285889,0.931034505367279,12,23,60.4,False,2026-05-30T09:36:43.480732
ant_colony_optimisation,2,56,0.7,0.0005,0.5,0.001,adamw,8,0.9227467775344849,0.9224137663841248,13,24,57.5,False,2026-05-30T09:37:43.339916
ant_colony_optimisation,2,57,0.8,0.0001,0.5,0.001,adam,32,0.9012875556945801,0.9051724076271057,11,22,53.1,False,2026-05-30T09:38:41.190861
ant_colony_optimisation,2,58,0.95,0.0001,0.2,0.05,adamw,16,0.8841201663017273,0.9051724076271057,35,40,68.0,False,2026-05-30T09:39:54.221747
ant_colony_optimisation,2,59,0.99,5e-05,0.5,0.02,adamw,16,0.8154506683349609,0.7974137663841248,22,33,58.3,False,2026-05-30T09:40:57.364723
ant_colony_optimisation,2,60,0.95,0.005,0.6,0.002,adam,32,0.9055793881416321,0.9181034564971924,21,32,81.5,False,2026-05-30T09:44:41.740484
ant_colony_optimisation,2,61,0.8,5e-05,0.5,0.1,sgd,16,0.5193132758140564,0.5129310488700867,39,40,80.3,False,2026-05-30T09:46:05.122198
ant_colony_optimisation,2,62,0.8,0.005,0.5,0.02,adam,8,0.9356223344802856,0.9224137663841248,18,29,61.5,False,2026-05-30T09:47:07.560278
ant_colony_optimisation,2,63,0.7,0.005,0.2,0.002,adamw,8,0.9184549450874329,0.9094827771186829,22,33,69.3,False,2026-05-30T09:48:17.840901
ant_colony_optimisation,2,64,0.9,0.005,0.6,0.002,sgd,16,0.9184549450874329,0.931034505367279,17,28,54.7,False,2026-05-30T09:49:16.320337
ant_colony_optimisation,2,65,0.85,0.0001,0.6,0.005,sgd,16,0.6566523313522339,0.6336206793785095,20,31,60.4,False,2026-05-30T09:50:20.342536
ant_colony_optimisation,2,66,0.9,1e-05,0.4,0.1,adamw,8,0.7682403326034546,0.75,21,32,57.6,False,2026-05-30T09:51:19.187412
ant_colony_optimisation,2,67,0.7,0.0001,0.5,0.001,adam,16,0.9055793881416321,0.931034505367279,9,20,58.1,False,2026-05-30T09:52:21.273973
ant_colony_optimisation,2,68,0.99,0.0001,0.5,0.002,adam,16,0.832617998123169,0.875,21,32,55.9,False,2026-05-30T09:53:20.784031
ant_colony_optimisation,2,69,0.8,0.0001,0.0,0.1,adamw,8,0.9098712205886841,0.9353448152542114,5,16,42.3,False,2026-05-30T09:54:04.489841
ant_colony_optimisation,2,70,0.8,0.005,0.3,0.005,adam,16,0.9270386099815369,0.9396551847457886,21,32,65.2,False,2026-05-30T09:55:13.590001
ant_colony_optimisation,2,71,0.9,0.005,0.2,0.05,sgd,32,0.9098712205886841,0.9094827771186829,23,34,60.0,False,2026-05-30T09:56:17.401659
ant_colony_optimisation,2,72,0.95,0.0001,0.0,0.02,adam,8,0.9184549450874329,0.9094827771186829,18,29,50.9,False,2026-05-30T09:57:09.874435
ant_colony_optimisation,2,73,0.85,1e-05,0.4,0.05,adam,32,0.6866952776908875,0.7241379022598267,35,40,70.4,False,2026-05-30T09:58:24.320492
ant_colony_optimisation,2,74,0.99,1e-05,0.3,0.05,adamw,8,0.729613721370697,0.6982758641242981,33,40,61.9,False,2026-05-30T09:59:27.948802
ant_colony_optimisation,2,75,0.95,0.0001,0.2,0.02,adamw,32,0.8798283338546753,0.8836206793785095,24,35,59.9,False,2026-05-30T10:00:32.047990
ant_colony_optimisation,2,76,0.9,1e-05,0.4,0.005,adamw,8,0.7854077219963074,0.7931034564971924,35,40,67.0,False,2026-05-30T10:01:40.936702
ant_colony_optimisation,2,77,0.9,0.005,0.0,0.001,sgd,32,0.9141631126403807,0.9224137663841248,,,0.0,True,2026-05-30T10:01:40.949114
ant_colony_optimisation,2,78,0.8,0.005,0.3,0.02,adamw,8,0.9227467775344848,0.931034505367279,,,0.0,True,2026-05-30T10:01:40.956619
ant_colony_optimisation,2,79,0.99,0.001,0.6,0.02,sgd,16,0.8068669438362122,0.8146551847457886,13,24,47.5,False,2026-05-30T10:02:32.767096
ant_colony_optimisation,2,80,0.85,0.0005,0.0,0.05,adam,32,0.9313304424285889,0.9267241358757019,10,21,50.1,False,2026-05-30T10:03:27.645682
ant_colony_optimisation,2,81,0.7,0.001,0.5,0.02,adam,32,0.9184549450874329,0.9224137663841248,10,21,57.5,False,2026-05-30T10:04:29.795727
ant_colony_optimisation,2,82,0.8,5e-05,0.5,0.1,adam,16,0.9012875556945801,0.931034505367279,25,36,70.9,False,2026-05-30T10:05:45.788790
ant_colony_optimisation,2,83,0.9,5e-05,0.6,0.02,adam,8,0.9012875556945801,0.9094827771186829,33,40,66.9,False,2026-05-30T10:06:54.946971
ant_colony_optimisation,2,84,0.7,0.0005,0.6,0.001,adam,8,0.9270386099815369,0.9267241358757019,12,23,55.5,False,2026-05-30T10:07:52.903879
ant_colony_optimisation,2,85,0.9,0.0001,0.3,0.002,sgd,16,0.6695278882980347,0.6637930870056152,31,40,68.9,False,2026-05-30T10:09:06.575186
ant_colony_optimisation,2,86,0.99,1e-05,0.4,0.01,sgd,16,0.270386278629303,0.2586206793785095,35,40,84.3,False,2026-05-30T10:12:44.648590
ant_colony_optimisation,2,87,0.85,5e-05,0.5,0.1,sgd,32,0.3562231659889221,0.4396551847457886,28,39,76.5,False,2026-05-30T10:14:04.325899
ant_colony_optimisation,2,88,0.9,0.0001,0.2,0.05,sgd,16,0.6695278882980347,0.6681034564971924,35,40,69.6,False,2026-05-30T10:15:17.200667
ant_colony_optimisation,2,89,0.95,0.0005,0.5,0.02,adam,16,0.9270386099815368,0.926724135875702,,,0.0,True,2026-05-30T10:15:17.208236
ant_colony_optimisation,2,90,0.9,5e-05,0.6,0.05,adam,8,0.9270386099815369,0.9181034564971924,29,40,70.2,False,2026-05-30T10:16:28.452881
ant_colony_optimisation,2,91,0.7,0.005,0.2,0.05,adamw,8,0.9313304424285888,0.931034505367279,,,0.0,True,2026-05-30T10:16:28.461846
ant_colony_optimisation,2,92,0.8,5e-05,0.5,0.01,adam,32,0.9012875556945801,0.8663793206214905,32,40,70.9,False,2026-05-30T10:17:42.736393
ant_colony_optimisation,2,93,0.85,1e-05,0.6,0.02,adamw,8,0.7553648352622986,0.7543103694915771,36,40,69.7,False,2026-05-30T10:18:53.552681
ant_colony_optimisation,2,94,0.9,1e-05,0.6,0.05,adamw,16,0.6781116127967834,0.6465517282485962,32,40,71.3,False,2026-05-30T10:20:08.420861
ant_colony_optimisation,2,95,0.99,0.0005,0.5,0.001,adamw,16,0.8884119987487793,0.8836206793785095,,,0.0,True,2026-05-30T10:20:08.432167
ant_colony_optimisation,2,96,0.8,1e-05,0.6,0.1,adam,16,0.7596566677093506,0.7198275923728943,34,40,75.3,False,2026-05-30T10:21:27.329969
ant_colony_optimisation,2,97,0.8,5e-05,0.6,0.02,adamw,8,0.9141631126403809,0.9482758641242981,19,30,59.5,False,2026-05-30T10:22:28.209817
ant_colony_optimisation,2,98,0.95,0.001,0.3,0.02,adam,16,0.9227467775344849,0.9267241358757019,8,19,45.0,False,2026-05-30T10:23:16.837259
ant_colony_optimisation,2,99,0.8,0.0005,0.6,0.02,adamw,8,0.9356223344802856,0.9137930870056152,7,18,44.3,False,2026-05-30T10:24:02.607076
ant_colony_optimisation,3,0,0.85,1e-05,0.5,0.001,adamw,16,0.7510729432106018,0.7198275923728943,,,0.0,True,2026-05-30T10:24:02.628334
ant_colony_optimisation,3,1,0.85,0.0005,0.5,0.1,adam,16,0.9270386099815368,0.9353448152542114,,,0.0,True,2026-05-30T10:24:02.629175
ant_colony_optimisation,3,2,0.95,5e-05,0.0,0.1,adam,8,0.8969957232475281,0.8793103694915771,,,0.0,True,2026-05-30T10:24:02.629909
ant_colony_optimisation,3,3,0.99,0.0005,0.3,0.05,adam,32,0.8798283338546753,0.9008620977401732,,,0.0,True,2026-05-30T10:24:02.630506
ant_colony_optimisation,3,4,0.85,1e-05,0.4,0.1,adam,16,0.7682403326034546,0.7715517282485962,,,0.0,True,2026-05-30T10:24:02.631094
ant_colony_optimisation,3,5,0.8,0.001,0.5,0.002,sgd,16,0.8884119987487793,0.9008620977401732,,,0.0,True,2026-05-30T10:24:02.631678
ant_colony_optimisation,3,6,0.95,0.001,0.3,0.05,sgd,8,0.8669527769088745,0.8448275923728943,,,0.0,True,2026-05-30T10:24:02.632253
ant_colony_optimisation,3,7,0.99,0.0001,0.3,0.002,sgd,8,0.7510729432106018,0.6982758641242981,,,0.0,True,2026-05-30T10:24:02.632880
ant_colony_optimisation,3,8,0.99,5e-05,0.4,0.005,adamw,8,0.8240343332290649,0.8448275923728943,,,0.0,True,2026-05-30T10:24:02.633478
ant_colony_optimisation,3,9,0.8,0.001,0.5,0.01,sgd,8,0.905579388141632,0.9224137663841248,,,0.0,True,2026-05-30T10:24:02.634206
ant_colony_optimisation,3,10,0.99,5e-05,0.6,0.02,adamw,32,0.7811158895492554,0.7758620977401733,35,40,62.1,False,2026-05-30T10:25:08.689554
ant_colony_optimisation,3,11,0.95,0.001,0.0,0.005,adam,8,0.909871220588684,0.926724135875702,,,0.0,True,2026-05-30T10:25:08.701680
ant_colony_optimisation,3,12,0.8,0.005,0.0,0.005,adamw,32,0.5965664982795715,0.642241358757019,0,11,42.3,False,2026-05-30T10:25:55.002637
ant_colony_optimisation,3,13,0.99,0.001,0.2,0.01,sgd,8,0.8540772795677185,0.8793103694915771,,,0.0,True,2026-05-30T10:25:55.014960
ant_colony_optimisation,3,14,0.95,0.0001,0.4,0.02,adamw,16,0.8755365014076233,0.9051724076271057,26,37,64.5,False,2026-05-30T10:27:03.413383
ant_colony_optimisation,3,15,0.9,5e-05,0.4,0.001,adamw,16,0.9098712205886841,0.8836206793785095,26,37,67.9,False,2026-05-30T10:28:15.430529
ant_colony_optimisation,3,16,0.95,0.0001,0.0,0.01,adam,32,0.9055793881416321,0.8965517282485962,30,40,64.0,False,2026-05-30T10:29:23.466695
ant_colony_optimisation,3,17,0.85,0.0001,0.6,0.005,adam,16,0.9184549450874329,0.9267241358757019,14,25,56.1,False,2026-05-30T10:30:23.739019
ant_colony_optimisation,3,18,0.85,1e-05,0.4,0.1,adamw,32,0.7124463319778442,0.681034505367279,38,40,70.5,False,2026-05-30T10:31:38.450688
ant_colony_optimisation,3,19,0.99,0.005,0.5,0.05,sgd,8,0.8669527769088745,0.8836206793785095,,,0.0,True,2026-05-30T10:31:38.465265
ant_colony_optimisation,3,20,0.85,0.0001,0.2,0.02,adam,16,0.9184549450874329,0.9181034564971924,26,37,69.7,False,2026-05-30T10:32:52.733922
ant_colony_optimisation,3,21,0.9,1e-05,0.3,0.005,sgd,8,0.2875536382198334,0.32758620381355286,35,40,65.6,False,2026-05-30T10:34:00.396651
ant_colony_optimisation,3,22,0.8,0.0005,0.3,0.02,adam,8,0.9399141669273376,0.943965494632721,7,18,44.3,False,2026-05-30T10:34:46.888416
ant_colony_optimisation,3,23,0.99,5e-05,0.0,0.005,adam,8,0.8626609444618225,0.8534482717514038,19,30,50.6,False,2026-05-30T10:35:39.749503
ant_colony_optimisation,3,24,0.9,0.005,0.0,0.01,adamw,32,0.8927038908004761,0.8793103694915771,3,14,42.1,False,2026-05-30T10:36:26.457806
ant_colony_optimisation,3,25,0.99,1e-05,0.4,0.1,adam,16,0.6480686664581299,0.693965494632721,37,40,85.3,False,2026-05-30T10:40:46.049707
ant_colony_optimisation,3,26,0.8,0.001,0.6,0.01,adam,8,0.9012875556945801,0.9224137663841248,3,14,44.8,False,2026-05-30T10:41:31.669244
ant_colony_optimisation,3,27,0.85,0.005,0.2,0.02,adamw,8,0.9227467775344848,0.9224137663841248,,,0.0,True,2026-05-30T10:41:31.675304
ant_colony_optimisation,3,28,0.95,5e-05,0.3,0.05,adamw,32,0.8283261656761169,0.8405172228813171,34,40,73.1,False,2026-05-30T10:42:47.967601
ant_colony_optimisation,3,29,0.85,1e-05,0.3,0.1,adamw,32,0.7639485001564026,0.7068965435028076,37,40,70.8,False,2026-05-30T10:44:02.097690
ant_colony_optimisation,3,30,0.7,0.0001,0.5,0.02,adamw,16,0.9227467775344849,0.9224137663841248,11,22,65.5,False,2026-05-30T10:45:10.997023
ant_colony_optimisation,3,31,0.99,0.001,0.4,0.02,adamw,16,0.8884119987487793,0.9137930870056152,10,21,44.9,False,2026-05-30T10:45:59.486741
ant_colony_optimisation,3,32,0.9,0.0005,0.5,0.01,adam,16,0.9270386099815369,0.9396551847457886,11,22,51.1,False,2026-05-30T10:46:54.156607
ant_colony_optimisation,3,33,0.99,0.0005,0.5,0.005,adam,32,0.8798283338546753,0.8965517282485962,29,40,61.4,False,2026-05-30T10:47:59.023635
ant_colony_optimisation,3,34,0.7,0.005,0.6,0.1,adam,8,0.9356223344802856,0.9482758641242981,18,29,61.6,False,2026-05-30T10:49:01.968966
ant_colony_optimisation,3,35,0.99,0.0001,0.2,0.005,adamw,8,0.8755365014076233,0.8663793206214905,21,32,52.8,False,2026-05-30T10:49:56.213533
ant_colony_optimisation,3,36,0.85,0.0005,0.5,0.001,sgd,16,0.8755365014076233,0.8663793206214905,33,40,71.2,False,2026-05-30T10:51:11.373951
ant_colony_optimisation,3,37,0.85,0.0005,0.2,0.1,adam,16,0.9399141669273376,0.9353448152542114,10,21,51.3,False,2026-05-30T10:52:06.528197
ant_colony_optimisation,3,38,0.8,0.0005,0.6,0.1,adam,16,0.9270386099815369,0.9353448152542114,11,22,54.7,False,2026-05-30T10:53:05.344932
ant_colony_optimisation,3,39,0.99,5e-05,0.3,0.05,sgd,16,0.557939887046814,0.5603448152542114,24,35,58.9,False,2026-05-30T10:54:08.333384
ant_colony_optimisation,3,40,0.9,0.0005,0.3,0.02,adamw,16,0.9270386099815369,0.9267241358757019,10,21,50.9,False,2026-05-30T10:55:03.496727
ant_colony_optimisation,3,41,0.85,0.0001,0.3,0.1,adam,8,0.9356223344802856,0.943965494632721,22,33,59.9,False,2026-05-30T10:56:05.202886
ant_colony_optimisation,3,42,0.7,0.005,0.6,0.002,adam,8,0.9270386099815369,0.9137930870056152,17,28,61.0,False,2026-05-30T10:57:08.101489
ant_colony_optimisation,3,43,0.9,0.0005,0.5,0.002,sgd,16,0.8240343332290649,0.8232758641242981,27,38,67.1,False,2026-05-30T10:58:20.123117
ant_colony_optimisation,3,44,0.95,0.001,0.6,0.01,adamw,16,0.9270386099815368,0.9137930870056152,,,0.0,True,2026-05-30T10:58:20.136142
ant_colony_optimisation,3,45,0.8,0.0005,0.6,0.1,adam,16,0.9270386099815369,0.9353448152542114,,,0.0,True,2026-05-30T10:58:20.143562
ant_colony_optimisation,3,46,0.8,1e-05,0.0,0.05,sgd,16,0.2360514998435974,0.24137930572032928,39,40,71.9,False,2026-05-30T10:59:36.481102
ant_colony_optimisation,3,47,0.85,0.0005,0.5,0.05,adam,8,0.9270386099815369,0.931034505367279,4,15,39.7,False,2026-05-30T11:00:18.289169
ant_colony_optimisation,3,48,0.99,0.0005,0.4,0.05,adamw,32,0.8755365014076233,0.8965517282485962,12,23,46.4,False,2026-05-30T11:01:09.239310
ant_colony_optimisation,3,49,0.85,5e-05,0.2,0.1,adam,16,0.9055793881416321,0.9224137663841248,19,30,62.7,False,2026-05-30T11:02:16.608769
ant_colony_optimisation,3,50,0.99,5e-05,0.0,0.01,adam,16,0.8454935550689697,0.8491379022598267,22,33,57.6,False,2026-05-30T11:03:19.108280
ant_colony_optimisation,3,51,0.85,0.005,0.0,0.1,adam,32,0.9184549450874329,0.9267241358757019,32,40,69.8,False,2026-05-30T11:04:33.594829
ant_colony_optimisation,3,52,0.8,0.001,0.0,0.01,adamw,16,0.9356223344802856,0.9396551847457886,18,29,88.3,False,2026-05-30T11:08:48.158515
ant_colony_optimisation,3,53,0.95,5e-05,0.3,0.02,adam,32,0.8068669438362122,0.8318965435028076,25,36,69.1,False,2026-05-30T11:10:00.573019
ant_colony_optimisation,3,54,0.85,5e-05,0.2,0.02,adam,8,0.9141631126403809,0.9353448152542114,20,31,62.2,False,2026-05-30T11:11:03.736655
ant_colony_optimisation,3,55,0.8,5e-05,0.5,0.02,sgd,16,0.545064389705658,0.5905172228813171,36,40,73.3,False,2026-05-30T11:12:20.665248
ant_colony_optimisation,3,56,0.8,0.0001,0.0,0.002,adamw,16,0.9184549450874329,0.9396551847457886,23,34,68.4,False,2026-05-30T11:13:32.536110
ant_colony_optimisation,3,57,0.8,0.0001,0.5,0.1,adam,8,0.9313304424285888,0.9224137663841248,,,0.0,True,2026-05-30T11:13:32.547408
ant_colony_optimisation,3,58,0.95,0.0005,0.3,0.02,sgd,8,0.8454935550689697,0.8534482717514038,32,40,62.4,False,2026-05-30T11:14:36.120326
ant_colony_optimisation,3,59,0.99,0.005,0.3,0.01,adam,16,0.8798283338546753,0.875,6,17,40.6,False,2026-05-30T11:15:20.312570
ant_colony_optimisation,3,60,0.8,0.0005,0.6,0.01,sgd,8,0.8927038908004761,0.9051724076271057,18,29,54.4,False,2026-05-30T11:16:15.927413
ant_colony_optimisation,3,61,0.99,1e-05,0.2,0.05,adam,8,0.6652360558509827,0.6508620977401733,15,26,46.5,False,2026-05-30T11:17:03.734890
ant_colony_optimisation,3,62,0.7,0.001,0.0,0.001,sgd,32,0.8798283338546753,0.8663793206214905,21,32,66.5,False,2026-05-30T11:18:14.157549
ant_colony_optimisation,3,63,0.8,5e-05,0.6,0.05,adamw,16,0.9055793881416321,0.9267241358757019,29,40,76.6,False,2026-05-30T11:19:34.796416
ant_colony_optimisation,3,64,0.85,0.005,0.4,0.001,adam,16,0.9356223344802856,0.9094827771186829,26,37,69.7,False,2026-05-30T11:20:48.714832
ant_colony_optimisation,3,65,0.95,0.0005,0.5,0.005,adam,8,0.9141631126403809,0.9137930870056152,4,15,36.1,False,2026-05-30T11:21:26.377775
ant_colony_optimisation,3,66,0.8,5e-05,0.5,0.002,adam,16,0.9098712205886841,0.9224137663841248,14,25,58.3,False,2026-05-30T11:22:28.879003
ant_colony_optimisation,3,67,0.85,0.0001,0.6,0.1,adam,8,0.9227467775344849,0.9482758641242981,21,32,59.8,False,2026-05-30T11:23:30.381593
ant_colony_optimisation,3,68,0.85,0.0005,0.3,0.02,adamw,32,0.9098712205886841,0.9396551847457886,15,26,56.7,False,2026-05-30T11:24:31.256910
ant_colony_optimisation,3,69,0.8,0.0005,0.0,0.001,adam,8,0.9098712205886841,0.9137930870056152,3,14,39.4,False,2026-05-30T11:25:12.450260
ant_colony_optimisation,3,70,0.95,0.0001,0.3,0.01,adam,8,0.9055793881416321,0.9224137663841248,29,40,63.7,False,2026-05-30T11:26:18.059373
ant_colony_optimisation,3,71,0.8,0.005,0.3,0.01,adam,16,0.9484978318214417,0.9396551847457886,24,35,70.3,False,2026-05-30T11:27:32.933503
ant_colony_optimisation,3,72,0.9,0.0001,0.3,0.01,adamw,16,0.9227467775344849,0.9137930870056152,18,29,60.4,False,2026-05-30T11:28:37.722652
ant_colony_optimisation,3,73,0.9,0.005,0.6,0.001,adam,8,0.9184549450874328,0.926724135875702,,,0.0,True,2026-05-30T11:28:37.735669
ant_colony_optimisation,3,74,0.8,0.001,0.5,0.02,adam,32,0.9055793881416321,0.892241358757019,9,20,51.3,False,2026-05-30T11:29:33.438407
ant_colony_optimisation,3,75,0.9,0.0001,0.5,0.001,adam,32,0.9098712205886841,0.9008620977401733,15,26,53.7,False,2026-05-30T11:30:31.854402
ant_colony_optimisation,3,76,0.7,1e-05,0.3,0.02,adamw,8,0.8669527769088745,0.8706896305084229,31,40,79.5,False,2026-05-30T11:31:53.535929
ant_colony_optimisation,3,77,0.8,0.001,0.3,0.002,adam,8,0.9184549450874329,0.9181034564971924,17,28,57.3,False,2026-05-30T11:32:53.127466
ant_colony_optimisation,3,78,0.99,1e-05,0.4,0.1,adamw,8,0.6738197207450867,0.693965494632721,34,40,75.1,False,2026-05-30T11:36:33.562398
ant_colony_optimisation,3,79,0.9,1e-05,0.3,0.005,sgd,32,0.21459227800369263,0.2068965584039688,24,35,75.8,False,2026-05-30T11:37:52.494974
ant_colony_optimisation,3,80,0.95,0.0001,0.5,0.1,adam,16,0.9012875556945801,0.875,18,29,62.5,False,2026-05-30T11:38:58.366100
ant_colony_optimisation,3,81,0.8,1e-05,0.5,0.001,adamw,8,0.7939913868904114,0.7629310488700867,31,40,71.7,False,2026-05-30T11:40:11.027744
ant_colony_optimisation,3,82,0.9,0.001,0.6,0.01,adam,8,0.9270386099815368,0.9224137663841248,,,0.0,True,2026-05-30T11:40:11.036261
ant_colony_optimisation,3,83,0.9,0.001,0.0,0.005,adam,8,0.9227467775344849,0.9267241358757019,11,22,45.0,False,2026-05-30T11:40:57.162760
ant_colony_optimisation,3,84,0.95,0.005,0.6,0.001,adam,32,0.8969957232475281,0.8965517282485962,11,22,46.1,False,2026-05-30T11:41:46.696173
ant_colony_optimisation,3,85,0.85,0.0001,0.5,0.1,adam,16,0.9227467775344848,0.926724135875702,,,0.0,True,2026-05-30T11:41:46.707045
ant_colony_optimisation,3,86,0.8,5e-05,0.3,0.005,sgd,8,0.6909871101379395,0.6767241358757019,33,40,67.8,False,2026-05-30T11:42:55.640743
ant_colony_optimisation,3,87,0.8,0.0005,0.2,0.001,sgd,8,0.9098712205886841,0.9051724076271057,19,30,55.4,False,2026-05-30T11:43:52.263210
ant_colony_optimisation,3,88,0.7,0.0005,0.0,0.05,adam,8,0.9356223344802856,0.9353448152542114,,,0.0,True,2026-05-30T11:43:52.274768
ant_colony_optimisation,3,89,0.99,0.0005,0.6,0.1,sgd,8,0.8154506683349609,0.8275862336158752,30,40,60.9,False,2026-05-30T11:44:54.428228
ant_colony_optimisation,3,90,0.9,1e-05,0.0,0.05,adam,16,0.7854077219963074,0.7629310488700867,32,40,70.3,False,2026-05-30T11:46:08.475208
ant_colony_optimisation,3,91,0.85,0.005,0.4,0.1,adam,32,0.9270386099815368,0.9224137663841248,,,0.0,True,2026-05-30T11:46:08.487095
ant_colony_optimisation,3,92,0.95,0.0005,0.3,0.01,adamw,8,0.9055793881416321,0.9008620977401733,5,16,37.0,False,2026-05-30T11:46:46.831528
ant_colony_optimisation,3,93,0.85,0.001,0.3,0.002,adam,32,0.9012875556945801,0.9396551847457886,4,15,43.4,False,2026-05-30T11:47:34.076930
ant_colony_optimisation,3,94,0.99,0.005,0.5,0.02,adam,32,0.8798283338546753,0.9008620977401733,9,20,41.9,False,2026-05-30T11:48:19.952586
ant_colony_optimisation,3,95,0.85,0.001,0.0,0.02,adam,32,0.9184549450874329,0.9267241358757019,10,21,49.8,False,2026-05-30T11:49:13.555488
ant_colony_optimisation,3,96,0.9,0.0005,0.4,0.005,adamw,8,0.9270386099815369,0.9267241358757019,9,20,43.4,False,2026-05-30T11:49:58.569057
ant_colony_optimisation,3,97,0.8,0.0001,0.2,0.01,adam,8,0.9227467775344849,0.931034505367279,18,29,57.4,False,2026-05-30T11:50:57.678696
ant_colony_optimisation,3,98,0.8,0.005,0.5,0.01,adam,8,0.9399141669273376,0.9267241358757019,21,32,61.0,False,2026-05-30T11:52:00.471756
ant_colony_optimisation,3,99,0.85,0.001,0.5,0.01,sgd,32,0.8755365014076233,0.857758641242981,29,40,67.1,False,2026-05-30T11:53:11.805605
ant_colony_optimisation,4,0,0.95,5e-05,0.6,0.01,sgd,16,0.54935622215271,0.5129310488700867,,,0.0,True,2026-05-30T11:53:11.826978
ant_colony_optimisation,4,1,0.85,0.001,0.6,0.005,sgd,32,0.8583691120147705,0.8318965435028076,,,0.0,True,2026-05-30T11:53:11.827690
ant_colony_optimisation,4,2,0.8,0.0005,0.5,0.1,adamw,8,0.9184549450874328,0.9224137663841248,,,0.0,True,2026-05-30T11:53:11.828372
ant_colony_optimisation,4,3,0.85,0.0001,0.4,0.1,adamw,8,0.9313304424285888,0.948275864124298,,,0.0,True,2026-05-30T11:53:11.828992
ant_colony_optimisation,4,4,0.9,0.0005,0.6,0.02,adam,32,0.9227467775344848,0.9353448152542114,,,0.0,True,2026-05-30T11:53:11.829615
ant_colony_optimisation,4,5,0.85,0.001,0.3,0.002,sgd,32,0.8583691120147705,0.8491379022598267,,,0.0,True,2026-05-30T11:53:11.830179
ant_colony_optimisation,4,6,0.8,0.0001,0.3,0.002,adam,32,0.909871220588684,0.9224137663841248,,,0.0,True,2026-05-30T11:53:11.830752
ant_colony_optimisation,4,7,0.99,0.0001,0.5,0.001,sgd,16,0.6437768340110779,0.625,,,0.0,True,2026-05-30T11:53:11.831398
ant_colony_optimisation,4,8,0.95,5e-05,0.3,0.005,sgd,16,0.545064389705658,0.5301724076271057,,,0.0,True,2026-05-30T11:53:11.832085
ant_colony_optimisation,4,9,0.85,0.005,0.6,0.005,adam,32,0.9270386099815368,0.9094827771186828,,,0.0,True,2026-05-30T11:53:11.832952
ant_colony_optimisation,4,10,0.7,0.0001,0.6,0.1,adam,8,0.9270386099815369,0.931034505367279,21,32,67.3,False,2026-05-30T11:54:21.610276
ant_colony_optimisation,4,11,0.95,0.0005,0.2,0.01,adam,32,0.909871220588684,0.9224137663841248,,,0.0,True,2026-05-30T11:54:21.632629
ant_colony_optimisation,4,12,0.9,0.001,0.0,0.02,adamw,16,0.9356223344802856,0.931034505367279,21,32,62.2,False,2026-05-30T11:55:28.619616
ant_colony_optimisation,4,13,0.85,0.0005,0.4,0.02,adam,8,0.9313304424285888,0.931034505367279,,,0.0,True,2026-05-30T11:55:28.632683
ant_colony_optimisation,4,14,0.7,0.0001,0.3,0.001,adamw,16,0.9227467775344849,0.931034505367279,16,27,69.5,False,2026-05-30T11:56:42.742790
ant_colony_optimisation,4,15,0.85,0.0005,0.6,0.02,adam,8,0.9270386099815369,0.9224137663841248,13,24,49.9,False,2026-05-30T11:57:34.826039
ant_colony_optimisation,4,16,0.95,5e-05,0.5,0.01,adamw,32,0.8154506683349609,0.818965494632721,26,37,62.5,False,2026-05-30T11:58:42.076950
ant_colony_optimisation,4,17,0.8,5e-05,0.2,0.005,sgd,32,0.3819742500782013,0.3965517282485962,,,0.0,True,2026-05-30T11:58:42.089897
ant_colony_optimisation,4,18,0.95,0.0005,0.0,0.005,adamw,32,0.9184549450874329,0.9137930870056152,20,31,55.2,False,2026-05-30T11:59:42.046138
ant_colony_optimisation,4,19,0.85,0.0005,0.6,0.005,sgd,16,0.8497853875160217,0.8663793206214905,23,34,64.4,False,2026-05-30T12:00:51.290656
ant_colony_optimisation,4,20,0.9,0.0005,0.3,0.001,sgd,32,0.7896995544433594,0.8017241358757019,28,39,90.7,False,2026-05-30T12:04:51.879037
ant_colony_optimisation,4,21,0.95,0.0001,0.4,0.05,adam,32,0.8755365014076233,0.8620689511299133,32,40,63.8,False,2026-05-30T12:05:58.950865
ant_colony_optimisation,4,22,0.7,0.005,0.2,0.1,adam,16,0.9356223344802856,0.931034505367279,,,0.0,True,2026-05-30T12:05:58.956222
ant_colony_optimisation,4,23,0.95,0.005,0.5,0.05,adamw,32,0.9184549450874328,0.9094827771186828,,,0.0,True,2026-05-30T12:05:58.963573
ant_colony_optimisation,4,24,0.85,0.005,0.5,0.005,sgd,8,0.909871220588684,0.931034505367279,,,0.0,True,2026-05-30T12:05:58.964363
ant_colony_optimisation,4,25,0.99,0.001,0.2,0.02,sgd,16,0.8197425007820129,0.8534482717514038,23,34,63.1,False,2026-05-30T12:07:05.449922
ant_colony_optimisation,4,26,0.99,0.0001,0.2,0.005,adam,16,0.8454935550689697,0.8706896305084229,12,23,46.3,False,2026-05-30T12:07:55.223400
ant_colony_optimisation,4,27,0.95,0.005,0.4,0.05,sgd,16,0.8969957232475281,0.8663793206214905,21,32,58.8,False,2026-05-30T12:08:57.346815
ant_colony_optimisation,4,28,0.7,0.0005,0.0,0.02,sgd,16,0.8841201663017273,0.8620689511299133,21,32,69.7,False,2026-05-30T12:10:10.585527
ant_colony_optimisation,4,29,0.99,1e-05,0.6,0.002,sgd,8,0.4034334719181061,0.3965517282485962,32,40,65.2,False,2026-05-30T12:11:16.890137
ant_colony_optimisation,4,30,0.85,1e-05,0.0,0.05,sgd,8,0.3476394712924957,0.37068966031074524,32,40,65.7,False,2026-05-30T12:12:23.826848
ant_colony_optimisation,4,31,0.9,5e-05,0.6,0.001,adamw,32,0.8669527769088745,0.8879310488700867,29,40,68.9,False,2026-05-30T12:13:36.277652
ant_colony_optimisation,4,32,0.9,0.001,0.5,0.02,sgd,8,0.9141631126403809,0.9137930870056152,19,30,52.8,False,2026-05-30T12:14:30.376118
ant_colony_optimisation,4,33,0.99,0.0005,0.6,0.02,sgd,32,0.7510729432106018,0.7284482717514038,26,37,58.9,False,2026-05-30T12:15:33.025908
ant_colony_optimisation,4,34,0.7,0.005,0.2,0.05,adam,16,0.9270386099815369,0.9267241358757019,28,39,79.9,False,2026-05-30T12:16:56.733242
ant_colony_optimisation,4,35,0.7,0.001,0.2,0.01,sgd,16,0.9098712205886841,0.9181034564971924,13,24,56.9,False,2026-05-30T12:17:57.679410
ant_colony_optimisation,4,36,0.99,0.0005,0.6,0.05,sgd,32,0.7682403326034546,0.7370689511299133,26,37,58.7,False,2026-05-30T12:19:00.254914
ant_colony_optimisation,4,37,0.8,0.0005,0.6,0.1,adam,8,0.9484978318214417,0.9353448152542114,,,0.0,True,2026-05-30T12:19:00.266829
ant_colony_optimisation,4,38,0.8,0.0005,0.0,0.02,adamw,32,0.9356223344802856,0.9267241358757019,22,33,65.3,False,2026-05-30T12:20:09.486258
ant_colony_optimisation,4,39,0.8,0.005,0.2,0.001,adam,32,0.9055793881416321,0.931034505367279,26,37,67.5,False,2026-05-30T12:21:21.201191
ant_colony_optimisation,4,40,0.8,5e-05,0.6,0.01,adamw,16,0.9055793881416321,0.9224137663841248,22,33,69.1,False,2026-05-30T12:22:34.529960
ant_colony_optimisation,4,41,0.85,0.005,0.0,0.005,adamw,16,0.9227467775344849,0.9137930870056152,16,27,59.7,False,2026-05-30T12:23:38.928121
ant_colony_optimisation,4,42,0.95,1e-05,0.0,0.002,adam,32,0.6266094446182251,0.642241358757019,32,40,64.5,False,2026-05-30T12:24:47.669899
ant_colony_optimisation,4,43,0.95,0.005,0.3,0.01,adam,32,0.9184549450874328,0.9353448152542114,,,0.0,True,2026-05-30T12:24:47.682571
ant_colony_optimisation,4,44,0.99,0.005,0.5,0.1,adamw,32,0.8841201663017273,0.9137930870056152,13,24,47.1,False,2026-05-30T12:25:39.100872
ant_colony_optimisation,4,45,0.8,0.001,0.5,0.02,sgd,16,0.90128755569458,0.8965517282485962,,,0.0,True,2026-05-30T12:25:39.113590
ant_colony_optimisation,4,46,0.8,1e-05,0.2,0.002,sgd,16,0.22746780514717102,0.1681034415960312,24,35,66.7,False,2026-05-30T12:26:50.650786
ant_colony_optimisation,4,47,0.95,0.005,0.5,0.1,adamw,32,0.8927038908004761,0.9267241358757019,4,15,40.9,False,2026-05-30T12:27:36.039908
ant_colony_optimisation,4,48,0.99,0.0001,0.5,0.1,adam,8,0.8412017226219177,0.8879310488700867,24,35,56.8,False,2026-05-30T12:28:34.994702
ant_colony_optimisation,4,49,0.85,0.005,0.4,0.002,sgd,16,0.9184549450874329,0.9396551847457886,15,26,79.8,False,2026-05-30T12:32:40.965903
ant_colony_optimisation,4,50,0.85,1e-05,0.3,0.1,adamw,32,0.7639485001564026,0.7068965435028076,,,0.0,True,2026-05-30T12:32:40.969946
ant_colony_optimisation,4,51,0.99,1e-05,0.5,0.002,adamw,32,0.4806866943836212,0.5129310488700867,38,40,68.8,False,2026-05-30T12:33:52.915313
ant_colony_optimisation,4,52,0.85,0.001,0.2,0.02,sgd,16,0.8927038908004761,0.8793103694915771,19,30,58.0,False,2026-05-30T12:34:54.037136
ant_colony_optimisation,4,53,0.8,0.001,0.0,0.005,sgd,16,0.8927038908004761,0.8879310488700867,14,25,54.2,False,2026-05-30T12:35:51.585516
ant_colony_optimisation,4,54,0.7,0.001,0.6,0.002,sgd,8,0.9098712205886841,0.9137930870056152,8,19,50.6,False,2026-05-30T12:36:43.218958
ant_colony_optimisation,4,55,0.99,0.0005,0.2,0.002,adamw,16,0.8841201663017273,0.9051724076271057,10,21,44.4,False,2026-05-30T12:37:31.196537
ant_colony_optimisation,4,56,0.85,0.0005,0.0,0.002,adam,32,0.9399141669273376,0.9396551847457886,13,24,54.9,False,2026-05-30T12:38:29.529435
ant_colony_optimisation,4,57,0.8,0.0005,0.0,0.02,adamw,16,0.9227467775344849,0.9137930870056152,3,14,46.3,False,2026-05-30T12:39:19.619034
ant_colony_optimisation,4,58,0.95,0.0001,0.5,0.1,sgd,16,0.6824034452438354,0.642241358757019,33,40,66.0,False,2026-05-30T12:40:29.315562
ant_colony_optimisation,4,59,0.9,0.005,0.0,0.1,adamw,32,0.9055793881416321,0.9051724076271057,11,22,49.5,False,2026-05-30T12:41:22.665553
ant_colony_optimisation,4,60,0.7,5e-05,0.4,0.02,sgd,8,0.7081544995307922,0.7241379022598267,38,40,71.7,False,2026-05-30T12:42:35.752973
ant_colony_optimisation,4,61,0.8,0.0005,0.0,0.1,adam,8,0.9227467775344849,0.931034505367279,10,21,46.7,False,2026-05-30T12:43:24.023198
ant_colony_optimisation,4,62,0.9,5e-05,0.6,0.001,adamw,16,0.8712446093559265,0.892241358757019,,,0.0,True,2026-05-30T12:43:24.035802
ant_colony_optimisation,4,63,0.85,1e-05,0.4,0.002,adam,32,0.6523604989051819,0.6853448152542114,39,40,69.9,False,2026-05-30T12:44:37.775785
ant_colony_optimisation,4,64,0.8,1e-05,0.0,0.1,sgd,32,0.1287553608417511,0.15086206793785095,0,11,37.9,False,2026-05-30T12:45:19.702578
ant_colony_optimisation,4,65,0.95,5e-05,0.4,0.05,adam,16,0.8755365014076233,0.8362069129943848,33,40,67.2,False,2026-05-30T12:46:30.910797
ant_colony_optimisation,4,66,0.95,0.0005,0.5,0.001,adam,8,0.9270386099815369,0.9094827771186829,13,24,45.2,False,2026-05-30T12:47:17.808854
ant_colony_optimisation,4,67,0.8,0.005,0.6,0.001,adamw,8,0.9313304424285889,0.8965517282485962,19,30,59.5,False,2026-05-30T12:48:19.076722
ant_colony_optimisation,4,68,0.9,0.005,0.0,0.005,adam,16,0.9399141669273376,0.9353448152542114,28,39,68.2,False,2026-05-30T12:49:31.480397
ant_colony_optimisation,4,69,0.95,1e-05,0.2,0.005,sgd,32,0.15021459758281708,0.17241379618644714,12,23,47.4,False,2026-05-30T12:50:23.740123
ant_colony_optimisation,4,70,0.9,0.005,0.3,0.1,adam,8,0.9356223344802856,0.9051724076271057,19,30,55.6,False,2026-05-30T12:51:21.403962
ant_colony_optimisation,4,71,0.99,0.001,0.5,0.002,adam,32,0.8884119987487793,0.9008620977401732,,,0.0,True,2026-05-30T12:51:21.416851
ant_colony_optimisation,4,72,0.85,1e-05,0.2,0.02,sgd,16,0.227467805147171,0.25,,,0.0,True,2026-05-30T12:51:21.424423
ant_colony_optimisation,4,73,0.8,0.001,0.2,0.005,adamw,16,0.9184549450874328,0.9181034564971924,,,0.0,True,2026-05-30T12:51:21.425688
ant_colony_optimisation,4,74,0.99,0.0005,0.5,0.01,adamw,32,0.8841201663017273,0.9051724076271057,22,33,55.7,False,2026-05-30T12:52:21.733913
ant_colony_optimisation,4,75,0.7,0.005,0.6,0.005,adam,16,0.9270386099815368,0.9137930870056152,,,0.0,True,2026-05-30T12:52:21.746361
ant_colony_optimisation,4,76,0.9,5e-05,0.2,0.005,sgd,16,0.5278970003128052,0.5387930870056152,33,40,69.2,False,2026-05-30T12:53:35.388406
ant_colony_optimisation,4,77,0.9,0.0005,0.5,0.01,adamw,8,0.9270386099815368,0.9181034564971924,,,0.0,True,2026-05-30T12:53:35.401071
ant_colony_optimisation,4,78,0.99,5e-05,0.6,0.02,sgd,16,0.5879828333854675,0.5775862336158752,,,0.0,True,2026-05-30T12:53:35.408555
ant_colony_optimisation,4,79,0.9,0.0001,0.0,0.02,adamw,8,0.9442059993743896,0.9396551847457886,26,37,63.0,False,2026-05-30T12:54:40.601885
ant_colony_optimisation,4,80,0.99,0.005,0.3,0.01,adam,16,0.8798283338546753,0.875,,,0.0,True,2026-05-30T12:54:40.615332
ant_colony_optimisation,4,81,0.8,0.0001,0.6,0.002,sgd,16,0.6866952776908875,0.6724137663841248,33,40,73.7,False,2026-05-30T12:55:59.085529
ant_colony_optimisation,4,82,0.8,0.001,0.4,0.1,adam,8,0.9270386099815368,0.9396551847457886,,,0.0,True,2026-05-30T12:55:59.098663
ant_colony_optimisation,4,83,0.7,1e-05,0.4,0.01,adam,8,0.8497853875160217,0.818965494632721,28,39,77.0,False,2026-05-30T12:57:18.391805
ant_colony_optimisation,4,84,0.85,1e-05,0.0,0.05,adam,8,0.8454935550689697,0.8448275923728943,35,40,84.0,False,2026-05-30T13:00:43.002223
ant_colony_optimisation,4,85,0.99,1e-05,0.3,0.002,sgd,16,0.30042919516563416,0.26724138855934143,35,40,74.6,False,2026-05-30T13:02:00.854691
ant_colony_optimisation,4,86,0.7,0.001,0.6,0.1,adam,32,0.9270386099815369,0.9353448152542114,7,18,63.3,False,2026-05-30T13:03:07.372532
ant_colony_optimisation,4,87,0.9,0.0001,0.0,0.02,adam,8,0.9227467775344849,0.9224137663841248,25,36,60.6,False,2026-05-30T13:04:09.012011
ant_colony_optimisation,4,88,0.9,0.001,0.5,0.01,sgd,32,0.8540772795677185,0.8448275923728943,26,37,62.6,False,2026-05-30T13:05:15.047324
ant_colony_optimisation,4,89,0.7,0.001,0.6,0.02,adam,32,0.9227467775344849,0.931034505367279,21,32,66.7,False,2026-05-30T13:06:25.299414
ant_colony_optimisation,4,90,0.7,0.005,0.4,0.02,adamw,16,0.9227467775344849,0.9181034564971924,27,38,83.8,False,2026-05-30T13:07:53.024439
ant_colony_optimisation,4,91,0.8,5e-05,0.0,0.001,sgd,32,0.43347638845443726,0.37931033968925476,30,40,68.8,False,2026-05-30T13:09:05.834744
ant_colony_optimisation,4,92,0.9,0.0001,0.3,0.1,adamw,8,0.9270386099815369,0.9181034564971924,8,19,43.2,False,2026-05-30T13:09:50.379634
ant_colony_optimisation,4,93,0.95,5e-05,0.0,0.01,sgd,32,0.3648068606853485,0.38793104887008667,25,36,59.2,False,2026-05-30T13:10:53.574156
ant_colony_optimisation,4,94,0.8,0.001,0.0,0.05,adam,8,0.9356223344802856,0.9267241358757019,14,25,52.1,False,2026-05-30T13:11:47.148804
ant_colony_optimisation,4,95,0.95,1e-05,0.4,0.005,sgd,32,0.21459227800369263,0.26293104887008667,23,34,57.4,False,2026-05-30T13:12:48.440126
ant_colony_optimisation,4,96,0.8,0.005,0.5,0.002,adam,32,0.9527897238731384,0.892241358757019,,,0.0,True,2026-05-30T13:12:48.452046
ant_colony_optimisation,4,97,0.99,1e-05,0.4,0.002,adamw,8,0.7081544995307922,0.6853448152542114,26,37,58.4,False,2026-05-30T13:13:48.474645
ant_colony_optimisation,4,98,0.95,0.0005,0.5,0.01,adamw,32,0.9227467775344849,0.9181034564971924,21,32,57.3,False,2026-05-30T13:14:50.038015
ant_colony_optimisation,4,99,0.7,0.0001,0.2,0.01,adamw,8,0.9184549450874329,0.9224137663841248,5,16,46.9,False,2026-05-30T13:15:38.709850
